3342 5067
1523 280 1959 340 ..34-

529 464 816 529 exhibet:
867 470 1022 550 μετὰ
1067 467 1134 531 δὲ
1180 477 1368 533 ταῦτα
1414 473 1837 559 παραπλήσιον
1900 468 2057 558 αὐτῇ
2122 476 2331 547 πάθος
2393 478 2608 562 συνέβη
2674 487 2787 542 τῶν
2831 474 2967 563 περὶ

529 592 636 675 τὴν
687 586 1012 679 Ἐριφὺλην
1069 597 1416 679 γενομένων,
1477 616 1639 679 quae
1686 599 2106 664 Schneiderus
2154 601 2221 663 in
2276 634 2362 645 --
2410 610 2491 685 τῷ
2542 636 2622 645 -
2670 607 2965 687 γενομένῳ

521 717 835 780 mutanda
889 737 1020 782 esse
1083 718 1484 793 iudicaverat.
1578 724 1666 787 At
1722 724 1960 789 similia
2026 746 2157 789 non
2214 726 2475 801 desunt;
2534 727 2645 791 cfr.
2694 728 2829 793 Ael.
2878 730 2963 793 H.

513 843 587 903 A.
623 844 724 919 8,1
763 843 875 906 ubi
907 838 1117 928 ὅμοιος
1147 866 1198 911 ο.
1232 867 1371 926 gen.
1405 848 1821 914 coniunctum
1854 857 1973 925 est;
2004 851 2083 915 de
2112 852 2265 916 locis
2296 854 2401 916 Ar.
2434 852 2595 917 Ran.
2624 854 2814 932 1059,
2848 854 2960 917 ubi

516 962 653 1038 ἴσος
686 988 739 1031 c.
773 989 912 1049 gen.
949 976 1173 1049 exstat,
1223 972 1388 1039 Xen.
1423 974 1544 1037 An.
1583 976 1656 1039 4.·
1679 977 1738 1039 1.
1776 974 1879 1055 17,
1928 977 2040 1041 ubi
2073 977 2263 1041 multi
2309 978 2485 1043 codd.
2538 972 2719 1063 ὁμοία
2764 988 2959 1065 φυγῆς

509 1092 832 1171 exhibent,
867 1095 1024 1159 Plat.
1060 1096 1254 1178 Soph.
1291 1098 1416 1162 217
1436 1101 1488 1162 B
1518 1100 1981 1186 παραπλησίων,
2030 1096 2109 1165 ὧν
2145 1102 2441 1181 (Kiihner
2469 1105 2555 1178 ΙΙ,
2602 1126 2702 1186 pg.
2738 1105 2957 1183 302,5)

513 1238 617 1281 me
663 1220 1146 1285 commonefecit
1190 1224 1495 1303 Rohdius,
1564 1228 1678 1307 qui
1739 1228 2005 1292 omnino
2058 1248 2141 1291 ne
2186 1229 2342 1293 tales
2398 1250 2498 1293 res
2542 1250 2954 1313 praepropere

509 1350 904 1409 mutaremus
971 1346 1314 1413 admonere
1382 1370 1720 1433 nunquam
1790 1352 2053 1417 destitit.
2156 1355 2257 1417 Ita
2325 1374 2406 1417 ne
2472 1355 2621 1431 30‚2
2691 1354 2954 1434 quidem

509 1465 962 1556 ἀμφιεσαμένος
1013 1477 1382 1552 .γοναικείας
1458 1473 1814 1562 ἀμπεχόνας
1889 1498 2003 1560 pro
2079 1478 2308 1541 codicis
2388 1498 2521 1548 -αις
2596 1498 2729 1548 -αις
2810 1479 2949 1543 scri·

506 1596 788 1661 bendum
855 1616 988 1663 esse
1048 1600 1438 1678 existimavi3
1495 1602 1605 1666 cfr.
1655 1602 1813 1666 Plat.
1874 1604 2037 1667 Prot.
2098 1604 2299 1665 321A
2354 1608 2417 1665 et
2477 1604 2725 1668 Passov.
2776 1603 2857 1667 ad
2903 1603 2944 1667 1.

502 1724 844 1787 Parthenii.

682 1846 951 1913 ἀπειπεῖν
997 1861 1080 1934 τῷ
1128 1854 1384 1936 καμάτῳ
1433 1852 1537 1928 6,3
1585 1857 1729 1933 post
1760 1851 2086 1915 Platonem
2116 1853 2187 1915 in
2219 1852 2469 1917 Menex.
2512 1852 2708 1915 245ss
2738 1872 2935 1917 recen·

500 1975 688 2040 tiores
733 1976 1059 2039 adhibent.

1248 2186 1317 2273 d)
1363 2186 1464 2255 De
1509 2185 2193 2274 praepositionibus,

501 2335 773 2396 quarum
821 2334 1010 2378 usum
1058 2316 1128 2378 in
1174 2317 1378 2397 capite
1431 2317 1844 2381 antecedente
1889 2316 2214 2380 interdum
2262 2316 2591 2398 tetigerim,
2642 2318 2759 2380 hoc
2803 2317 2938 2380 loco

1617 2463 1818 2523 agam.

673 2600 855 2688 ἀμφι
902 2603 971 2665 in
1018 2597 1076 2665 οἱ
1121 2596 1276 2687 ἀμφ’
1324 2598 1500 2667 αὐτόν
1547 2604 1691 2668 sim.
1754 2604 1923 2681 14‚4.
1974 2602 2188 2681 20,17.
2242 2606 2413 2682 22,9.
2473 2590 2686 2680 33‚11.
2758 2604 2934 2667 Haec

492 2728 870 2811 praepositio
923 2726 1096 2809 apud
1151 2728 1551 2792 Aristotelem
1607 2749 1737 2792 non
1802 2729 2126 2794 invenitur
2179 2729 2299 2807 (Pe.
2358 2730 2466 2793 Ar.
2516 2724 2652 2812 περὶ
2696 2732 2929 2814 κόσμοι)

495 2856 722 2932 6‚3982
756 2855 839 2916 20
887 2846 943 2915 οἱ
990 2846 1148 2936 ἀμφὶ
1192 2852 1292 2916 τὸν
1340 2852 1620 2935 βασιλέα)
1663 2874 1871 2935 neque
1915 2855 2087 2935 apud
2119 2854 2456 2936 Polybium
2502 2861 2614 2918 aut
2653 2855 2721 2917 in
2754 2856 2930 2917 Novo

489 2982 894 3044 Testamento
938 2977 1068 3055 (cfr.
1109 2978 1372 3041 Eucken
1411 2969 1618 3042 «Uber
1660 2979 1722 3042 d.
1756 2979 2161 3061 Sprachgebr.
2208 2980 2270 3043 d.
2297 2980 2619 3057 Aristot.»,
2666 3000 2767 3061 pg.
2812 2979 2925 3054 36;

490 3106 772 3183 Schmid,
821 3108 952 3169 Att.
988 3106 1080 3168 IV
1128 3105 1254 3168 443
1305 3110 1367 3168 et
1399 3105 1552 3182 624)
1595 3104 1770 3183 (Con.
1822 3106 1933 3180 49;
1985 3106 2121 3169 Nic.
2156 3107 2341 3167 Darn.
2374 3106 2485 3184 frg.
2523 3106 2583 3182 9,
2615 3125 2716 3186 pg.
2752 3104 2922 3180 358).

489 3233 544 3292 A
590 3230 929 3293 Parthenio
984 3249 1065 3293 ex
1119 3230 1496 3311 scriptorum
1557 3248 1717 3311 quos
1772 3230 2057 3311 sequitur
2109 3230 2290 3294 libris
2352 3236 2611 3311 sumpta
2664 3248 2795 3291 esse
2839 3228 2921 3291 vi·

488 3356 689 3419 detur.

665 3476 796 3542 ἀνά
841 3480 910 3541 in
958 3476 1074 3542 ἀνὰ
1115 3482 1310 3563 στόμα
1341 3478 1505 3564 ἔχειν
1555 3481 1706 3557 39,4
1738 3481 1921 3544 iuxta
1950 3486 2142 3561 atque
2174 3478 2276 3543 διὰ
2308 3483 2503 3563 στόμα
2534 3476 2691 3563 ἔχειν
2727 3480 2920 3555 24,19

393 3614 399 3623 ’
485 3606 614 3683 (cfr.
665 3626 766 3686 pg.
804 3605 911 3682 20)
955 3604 1243 3683 (Schmid
1287 3605 1418 3668 Att.
1468 3605 1580 3681 IV,
1629 3620 1727 3684 pg.
1783 3605 1911 3667 625
1959 3610 2023 3667 et
2068 3605 2236 3681 626).

663 3727 820 3793 ἀντί
850 3730 1074 3793 semel:
1125 3730 1318 3806 42,13
1353 3729 1648 3791 τίσασθαι
1679 3764 1766 3771 -
1806 3723 1934 3791 ἀντ’
1968 3726 2184 3790 ἀδίκου
2218 3731 2589 3811 στερήσεωςς
2623 3727 2920 3791 usitatius

488 3859 620 3918 erat
649 3857 882 3937 τίνομαι
915 3847 1059 3935 ὑπέρ
1093 3872 1248 3922 τινος
1283 3853 1529 3930 (Aesch.
1561 3854 1674 3915 Ch.
1706 3854 1853 3929 312,
1906 3850 2034 3915 ἀντὶ
2068 3852 2133 3914 δὲ
2165 3852 2405 3937 πληγῆς
2454 3854 2665 3937 φονίας
2712 3854 2921 3937 φονίαν

487 3979 722 4064 πληγὴν
769 3979 1010 4057 τινέτω).

659 4101 824 4166 ἄνευ
871 4105 1065 4168 deest.

658 4227 796 4291 ἀπό
842 4231 1129 4311 sequitur
1159 4230 1348 4294 verba
1377 4230 1701 4312 pendendi
1736 4234 1915 4308 24,2:
1970 4228 2356 4315 ἀναψαμένην
2390 4226 2509 4293 ἀπό
2541 4249 2695 4299 τινος
2736 4228 2917 4312 δρυός

480 4356 707 4432 43,13;
756 4375 918 4435 quae
963 4330 1153 4419 verba
1183 4376 1232 4419 c.
1267 4377 1405 4436 gen.
1455 4365 1568 4420 aut
1597 4377 1745 4420 cum
1797 4352 1868 4419 ἐκ
1900 4357 2199 4436 coniungi
2231 4356 2542 4429 solebant3
2595 4356 2703 4419 sed
2740 4356 2913 4437 apud

476 4480 641 4543 Xen.
691 4488 755 4544 et
808 4482 886 4544 al.
952 4478 1072 4544 ἀπό
1119 4460 1469 4554 invenitur;
1544 4483 1733 4545 verba
1798 4482 2190 4564 appellandi:
2254 4480 2633 4565 καλοῦμενος
2695 4482 2910 4557 49,2Ο.
