3342 5067
1458 282 1893 343 ...61—

599 495 602 497 ’
645 477 1128 557 Nonnunquam
1194 477 1574 541 Parthenius
1647 477 1815 540 idem
1885 450 2262 564 vocabulum
2332 479 2431 542 bis
2494 481 2591 543 vel
2650 485 2745 543 ter
2800 480 2903 544 ad·

457 601 637 666 hibet
681 622 1000 683 nusquam
1048 602 1175 665 nisi
1218 602 1288 665 in
1335 621 1466 665 una.
1511 601 1731 665 eadem
1783 603 2012 667 fabella
2069 609 2182 667 aut
2248 610 2567 691 praeterea.
2623 626 2899 687 perrar03

456 746 664 807 neque
721 727 874 807 quia
934 733 1306 807 argumento
1364 728 1603 809 cogitur
1665 728 1763 805 (ut
1828 729 1899 791 in
1964 728 2089 791 fab.
2138 730 2398 793 XXXII
2444 728 2672 814 δρυμός
2716 732 2902 793 XXV

458 848 650 936 ὅρμος
694 853 820 929 aL),
859 852 968 917 sed
1017 854 1210 917 etiam
1257 874 1630 919 communes
1676 874 1854 919 voces
1900 855 1991 919 ita
2048 861 2445 937 repetuntur:
2508 856 2633 919 fab.
2682 857 2902 918 XXIV

457 982 654 1061 μένειν
703 977 916 1055 39,17.
965 979 1153 1056 4o,5;
1203 979 1328 1043 fab.
1379 980 1539 1042 VIII
1587 983 1773 1064 μέρος
1828 982 2035 1057 16,14.
2091 982 2304 1058 16,22.
2353 980 2571 1058 17,17;
2622 981 2747 1045 fab.
2780 982 2902 1045 XV

453 1112 584 1174 πῶς
633 1105 782 1180 30,2
831 1110 894 1168 et
940 1105 980 1167 4
1027 1109 1140 1168 etc.
2664 1093 2675 1101 ⁴

635 1229 757 1293 Sed
795 1230 1122 1295 molestius
1169 1236 1280 1308 est,
1330 1230 1499 1313 quod
1531 1230 1780 1314 copiam
1813 1230 2207 1294 locutionum
2238 1229 2361 1293 sibi
2401 1228 2715 1307 formavit,
2766 1230 2901 1311 qui·

454 1346 574 1421 bus
619 1357 688 1420 in
735 1356 1050 1423 narrando
1096 1358 1288 1421 etiam
1337 1362 1530 1438 atque
1577 1358 1770 1420 etiam
1820 1357 2042 1421 utitur.

632 1483 717 1546 Et
759 1482 841 1546 ab
887 1482 1092 1547 initiis
1138 1481 1500 1546 fabularum
1558 1488 1634 1547 ut
1682 1482 1944 1545 initium
1994 1480 2243 1557 faciam,
2312 1480 2487 1545 haud
2545 1479 2772 1543 inutile
2818 1480 2900 1544 vi·

454 1608 661 1685 detur,
731 1608 1051 1689 quomodo
1115 1609 1395 1689 singulas
1461 1607 1708 1671 fabulas
1774 1608 1941 1671 inter
2007 1628 2073 1671 se
2141 1606 2498 1687 coniungat,
2568 1606 2899 1688 explicare.

455 1734 617 1797 Cum
667 1733 913 1816 primae
949 1731 1202 1797 fabulae
1248 1733 1414 1797 inter
1457 1753 1524 1797 se
1568 1753 1843 1798 conexae
1886 1753 2017 1796 non
2064 1732 2194 1795 sint
2249 1731 2548 1809 (secunda
2602 1738 2667 1795 et
2718 1730 2903 1795 tertia

451 1859 728 1941 exceptis
775 1860 995 1923 eadem
1044 1860 1254 1923 Ulixis
1300 1880 1567 1942 persona
1605 1856 2125 1935 cohaerentibus),
2176 1875 2342 1939 quae
2368 1862 2723 1938 sequuntur
2750 1855 2902 1918 inde

448 2004 487 2047 a
531 1990 756 2065 quarta
799 2005 1021 2050 omnes
1066 1986 1193 2048 fere
1252 1983 1320 2049 δέ
1363 1985 1675 2068 particula
1718 1988 1873 2047 sunt
1900 1984 2291 2047 coniunctae.
2378 1983 2516 2056 Quo
2560 2002 2734 2045 more
2764 1982 2901 2043 Par-

453 2111 718 2175 thenius
761 2131 800 2173 a
853 2111 1118 2192 reliquis
1173 2110 1654 2194 mythographis
1722 2105 1979 2173 differtl.
2072 2109 2218 2172 Uno
2277 2108 2527 2190 impetu
2583 2106 2902 2188 scripsisse

451 2237 701 2301 videtur
747 2242 955 2301 totum
1002 2236 1290 2300 libellum
1349 2257 1478 2300 non
1526 2236 1733 2300 titulis
1776 2236 2043 2315 singulis
2082 2230 2334 2297 >fabulis
2387 2233 2731 2309 distinctis3
2788 2232 2901 2314 qui

449 2362 520 2425 in
567 2362 777 2428 codice
823 2369 979 2428 sunt
1021 2363 1200 2428 tituli
1245 2382 1376 2426 non
1421 2361 1750 2425 Parthenii
1795 2380 1927 2424 esse
1972 2358 2353 2423 iamdudum
2398 2362 2661 2425 constat.

632 2490 826 2553 Initio
871 2489 1161 2571 opusculi
1193 2488 1291 2551 sui
1321 2488 1514 2571 paulo
1549 2487 1809 2551 effusius
1855 2491 2068 2549 narrat
2097 2486 2413 2568 pauloque
2452 2484 2700 2565 longius
2731 2503 2897 2564 repe·

455 2615 535 2679 tit
573 2615 708 2693 (cfr.
743 2615 865 2679 fab.
901 2615 973 2693 Ι),
1023 2620 1098 2678 ut
1127 2615 1390 2678 fabellae
1435 2613 1705 2696 propriis
1750 2611 2242 2676 narratiunculis
2272 2610 2513 2673 similes
2544 2610 2691 2688 sint,
2735 2629 2898 2689 quae

451 2761 582 2805 non
628 2760 827 2821 quam
875 2740 1188 2805 artissime
1235 2760 1624 2822 compressae
1670 2745 1735 2803 et
1778 2737 1845 2799 in
1894 2756 2085 2801 usum
2134 2736 2323 2799 amici
2352 2740 2725 2816 argumenta
2762 2737 2897 2796 tan-

449 2871 591 2927 tum
659 2865 1050 2947 respicientis
1115 2865 1498 2948 compositae
1565 2883 1698 2928 esse
1759 2862 2072 2927 videntur.
2178 2863 2263 2924 At
2318 2860 2519 2941 magis
2574 2858 2899 2939 magisque

322 2990 329 2997 '
449 3010 704 3055 omnem
755 2990 1318 3072 amplificationem
1367 2990 1588 3066 evitat3
1637 3008 1832 3070 quare
1878 2988 1982 3051 hic
2021 2986 2151 3050 illic
2195 2986 2361 3049 nihil
2394 2985 2519 3049 nisi
2564 3004 2704 3048 ossa
2740 2988 2894 3047 tam·

450 3134 644 3196 quam
693 3122 756 3180 et
800 3116 1034 3198 pellem
1081 3115 1450 3179 invenimus
1493 3112 1625 3191 (cfr.
1677 3112 1803 3175 fab.
1852 3112 2156 3188 XXVIII,
2205 3111 2412 3187 XXX,
2444 3108 2785 3203 XXXIV).

624 3241 1008 3321 Plerumque
1053 3246 1168 3305 aut
1211 3242 1354 3323 ipso
1399 3239 1587 3302 initio
1647 3238 1719 3300 in
1781 3235 2025 3300 medias
2078 3256 2175 3300 res
2237 3225 2442 3299 insilit
2494 3240 2607 3297 aut
2651 3255 2689 3296 a
2732 3234 2895 3297 locu-

452 3366 737 3429 tionibus
783 3366 1167 3447 quibusdam
1214 3366 1458 3448 incipit.

625 3492 855 3555 Carent
898 3491 1010 3556 illo
1057 3489 1123 3553 δέ
1168 3497 1413 3573 praeter
1458 3490 1735 3573 primam
1784 3490 2067 3554 fabulam
2104 3488 2174 3550 in
2218 3485 2454 3551 codice:
2504 3486 2587 3561 II,
2622 3486 2731 3561 IV,
2783 3484 2891 3560 VI,

450 3616 628 3693 XIX,
679 3616 924 3692 XXIII,
974 3616 1213 3679 XXVI.
1307 3616 1530 3696 Neque
1575 3614 1889 3679 secundae
1934 3618 2047 3677 aut
2091 3618 2351 3694 quartae
2396 3609 2647 3674 fabulae
2680 3606 2745 3669 δέ
2790 3606 2894 3671 ad-

448 3740 628 3819 dam3
677 3742 748 3804 in
794 3741 1242 3822 posterioribus
1288 3741 1460 3804 enim
1508 3741 1676 3804 hanc
1720 3738 2247 3805 consuetudinem
2296 3738 2354 3799 ei
2400 3734 2715 3799 exstitisse
2770 3734 2893 3795 exi-

448 3867 658 3929 stimo,
753 3867 877 3931 Sed
946 3886 1339 3948 quamquam
1410 3872 1652 3931 certum
1723 3865 1878 3946 quid
1948 3864 2111 3927 effici
2180 3862 2358 3926 nullo
2420 3860 2609 3924 modo
2666 3863 2889 3940 potest,

446 3997 664 4056 tamen
711 3994 990 4074 reliquas
1036 3993 1282 4057 fabulas
1312 3992 1654 4056 Parthenio
1691 3992 1895 4055 invito
1928 3988 1994 4052 δὲ
2040 4008 2243 4053 carere
2273 3985 2595 4068 probabile
2626 3990 2737 4047 est.
2816 3984 2893 4044 In

630 4210 647 4241 ¹
683 4204 1010 4272 Apollodori
1053 4204 1410 4267 bibliotheca,
1462 4219 1606 4271 quae
1651 4202 2009 4270 genealogias
2026 4182 2033 4187 ⁵
2048 4201 2301 4255 continet
2345 4213 2463 4253 non
2511 4197 2763 4253 eiusdem
2801 4210 2892 4261 ge·

450 4304 604 4357 neris
633 4307 737 4359 est.
794 4304 902 4359 Sed
931 4305 1028 4359 cfr.
1058 4294 1697 4371 Paradoxog'raphorum
1726 4302 1925 4357 libros:
1965 4302 2178 4375 λέγεται
2206 4297 2259 4351 δὲ
2286 4299 2394 4366 καὶ,
2423 4297 2551 4369 φασὶ
2577 4295 2632 4348 δὲ
2670 4295 2760 4347 καί
2786 4297 2889 4346 etc.

455 4416 629 4467 saepe
665 4401 726 4455 in
763 4400 973 4469 [Arist]
1012 4400 1242 4457 «mirab.
1280 4402 1577 4467 auscult.»;
1629 4417 1731 4469 per
1769 4399 1823 4453 δέ
1863 4414 2062 4453 omnes
2099 4398 2358 4452 fabellas·
2383 4393 2625 4449 conectit
2662 4394 2891 4458 Antigo-

447 4516 554 4553 nus
585 4502 645 4553 in
675 4502 902 4555 «histor.
929 4501 1180 4567 mii-ab»,
1206 4502 1359 4555 idem
1385 4500 1520 4554 facit
1536 4496 1873 4567 Apollonius
1897 4514 2119 4566 semper
2144 4497 2277 4559 fere,
2311 4493 2595 4547 interdum
2624 4492 2889 4555 Phlegon.
