<?xml version="1.0" encoding="UTF-8"?>
<!DOCTYPE html PUBLIC "-//W3C//DTD XHTML 1.0 Transitional//EN"
    "http://www.w3.org/TR/xhtml1/DTD/xhtml1-transitional.dtd">
<html xmlns="http://www.w3.org/1999/xhtml" xml:lang="en" lang="en">
 <head>
  <title>
</title>
<meta http-equiv="Content-Type" content="text/html;charset=utf-8" />
  <meta name='ocr-system' content='tesseract 3.04.00' />
  <meta name='ocr-capabilities' content='ocr_page ocr_carea ocr_par ocr_line ocrx_word'/>
</head>
<body>
  <div class='ocr_page' id='page_1' title='image "./partheniusnicae00schgoog_0071.png"; bbox 0 0 3342 5067; ppageno 0'>
   <div class='ocr_carea' id='block_1_1' title="bbox 1475 297 1920 357">
    <p class='ocr_par' dir='ltr' id='par_1_1' title="bbox 1475 297 1920 357">
     <span class='ocr_line' id='line_1_1' title="bbox 1475 297 1920 357; baseline 0 -16"><span class='ocrx_word' id='word_1_1' title='bbox 1475 297 1920 357; x_wconf 65' lang='lat'>...59-</span> 
     </span>
    </p>
   </div>
   <div class='ocr_carea' id='block_1_2' title="bbox 433 490 2919 1450">
    <p class='ocr_par' dir='ltr' id='par_1_2' title="bbox 474 490 2911 694">
     <span class='ocr_line' id='line_1_2' title="bbox 477 490 2911 578; baseline -0.001 -20"><span class='ocrx_word' id='word_1_2' title='bbox 477 494 612 558; x_wconf 72' lang='lat' dir='ltr'>Nic.</span> <span class='ocrx_word' id='word_1_3' title='bbox 679 494 862 555; x_wconf 81' lang='lat' dir='ltr'>nam.</span> <span class='ocrx_word' id='word_1_4' title='bbox 935 512 1035 573; x_wconf 83' lang='lat' dir='ltr'>pg.</span> <span class='ocrx_word' id='word_1_5' title='bbox 1105 491 1234 554; x_wconf 88' lang='lat'>350</span> <span class='ocrx_word' id='word_1_6' title='bbox 1301 492 1342 578; x_wconf 71' lang='grc' dir='ltr'>ι.</span> <span class='ocrx_word' id='word_1_7' title='bbox 1408 492 1486 555; x_wconf 89' lang='lat'>10</span> <span class='ocrx_word' id='word_1_8' title='bbox 1561 491 1695 567; x_wconf 77' lang='lat' dir='ltr'>(cfr.</span> <span class='ocrx_word' id='word_1_9' title='bbox 1760 490 2042 554; x_wconf 77' lang='lat' dir='ltr'>sohmid.</span> <span class='ocrx_word' id='word_1_10' title='bbox 2122 494 2253 556; x_wconf 79' lang='lat' dir='ltr'>Att.</span> <span class='ocrx_word' id='word_1_11' title='bbox 2328 494 2364 555; x_wconf 89' lang='lat'>1</span> <span class='ocrx_word' id='word_1_12' title='bbox 2423 494 2573 569; x_wconf 87' lang='lat'>185,</span> <span class='ocrx_word' id='word_1_13' title='bbox 2642 494 2709 555; x_wconf 89' lang='lat'>11</span> <span class='ocrx_word' id='word_1_14' title='bbox 2765 494 2911 569; x_wconf 83' lang='lat'><strong>306,</strong></span> 
     </span>
     <span class='ocr_line' id='line_1_3' title="bbox 474 616 786 694; baseline -0.01 -12"><span class='ocrx_word' id='word_1_15' title='bbox 474 620 566 682; x_wconf 88' lang='lat' dir='ltr'>1v</span> <span class='ocrx_word' id='word_1_16' title='bbox 623 616 786 694; x_wconf 87' lang='lat'>115).</span> 
     </span>
    </p>

    <p class='ocr_par' dir='ltr' id='par_1_3' title="bbox 476 738 2917 936">
     <span class='ocr_line' id='line_1_4' title="bbox 655 738 2917 826; baseline -0.001 -21"><span class='ocrx_word' id='word_1_17' title='bbox 655 745 713 805; x_wconf 86' lang='lat'>2.</span> <span class='ocrx_word' id='word_1_18' title='bbox 765 740 1139 805; x_wconf 86' lang='lat' dir='ltr'>Coniunctio</span> <span class='ocrx_word' id='word_1_19' title='bbox 1181 742 1628 805; x_wconf 76' lang='lat' dir='ltr'>coniunctione</span> <span class='ocrx_word' id='word_1_20' title='bbox 1674 742 1950 806; x_wconf 80' lang='lat' dir='ltr'>variatur</span> <span class='ocrx_word' id='word_1_21' title='bbox 2001 744 2145 819; x_wconf 86' lang='lat'>10‚9</span> <span class='ocrx_word' id='word_1_22' title='bbox 2172 762 2296 823; x_wconf 88' lang='lat' dir='ltr'>sq.:</span> <span class='ocrx_word' id='word_1_23' title='bbox 2356 738 2625 826; x_wconf 78' lang='grc' dir='ltr'>ἐξηγεῖτο</span> <span class='ocrx_word' id='word_1_24' title='bbox 2674 740 2760 816; x_wconf 89' lang='grc' dir='ltr'>δὲ,</span> <span class='ocrx_word' id='word_1_25' title='bbox 2822 738 2917 812; x_wconf 86' lang='grc' dir='ltr'>ὡς</span> 
     </span>
     <span class='ocr_line' id='line_1_5' title="bbox 476 858 1903 936; baseline 0 -7"><span class='ocrx_word' id='word_1_26' title='bbox 476 866 566 929; x_wconf 89' lang='grc' dir='ltr'>δεῖ</span> <span class='ocrx_word' id='word_1_27' title='bbox 619 900 699 910; x_wconf 92' lang='lat'>—-</span> <span class='ocrx_word' id='word_1_28' title='bbox 745 866 852 928; x_wconf 87' lang='grc' dir='ltr'>καὶ</span> <span class='ocrx_word' id='word_1_29' title='bbox 899 859 1004 928; x_wconf 77' lang='grc' dir='ltr'>ὅτι</span> <span class='ocrx_word' id='word_1_30' title='bbox 1051 858 1250 935; x_wconf 74' lang='grc' dir='ltr'>οὐδεὶς</span> <span class='ocrx_word' id='word_1_31' title='bbox 1301 900 1380 911; x_wconf 88' lang='lat'>--</span> <span class='ocrx_word' id='word_1_32' title='bbox 1431 861 1559 936; x_wconf 83' lang='grc' dir='ltr'>οἷός</span> <span class='ocrx_word' id='word_1_33' title='bbox 1604 886 1668 929; x_wconf 91' lang='grc' dir='ltr'>τε</span> <span class='ocrx_word' id='word_1_34' title='bbox 1716 864 1903 929; x_wconf 84' lang='grc' dir='ltr'>ἔσται.</span> 
     </span>
    </p>

    <p class='ocr_par' dir='ltr' id='par_1_4' title="bbox 433 980 2919 1450">
     <span class='ocr_line' id='line_1_6' title="bbox 655 980 2914 1073; baseline 0 -19"><span class='ocrx_word' id='word_1_35' title='bbox 655 993 712 1054; x_wconf 86' lang='lat'>3.</span> <span class='ocrx_word' id='word_1_36' title='bbox 763 994 1012 1055; x_wconf 87' lang='lat' dir='ltr'>Nomen</span> <span class='ocrx_word' id='word_1_37' title='bbox 1043 980 1189 1054; x_wconf 74' lang='lat' dir='ltr'>enm</span> <span class='ocrx_word' id='word_1_38' title='bbox 1239 992 1699 1073; x_wconf 81' lang='lat' dir='ltr'>praepositione</span> <span class='ocrx_word' id='word_1_39' title='bbox 1728 992 2141 1055; x_wconf 83' lang='lat' dir='ltr'>coniunctum</span> <span class='ocrx_word' id='word_1_40' title='bbox 2190 991 2521 1073; x_wconf 78' lang='lat' dir='ltr'>participio</span> <span class='ocrx_word' id='word_1_41' title='bbox 2552 991 2914 1073; x_wconf 80' lang='lat' dir='ltr'>respondet:</span> 
     </span>
     <span class='ocr_line' id='line_1_7' title="bbox 478 1108 2916 1201; baseline -0.001 -22"><span class='ocrx_word' id='word_1_42' title='bbox 478 1119 672 1194; x_wconf 88' lang='lat'>20,18</span> <span class='ocrx_word' id='word_1_43' title='bbox 697 1137 789 1197; x_wconf 87' lang='lat' dir='ltr'>sq.</span> <span class='ocrx_word' id='word_1_44' title='bbox 840 1112 895 1178; x_wconf 83' lang='grc' dir='ltr'>οἱ</span> <span class='ocrx_word' id='word_1_45' title='bbox 949 1121 1056 1200; x_wconf 83' lang='grc' dir='ltr'>μέν</span> <span class='ocrx_word' id='word_1_46' title='bbox 1109 1124 1261 1187; x_wconf 76' lang='grc' dir='ltr'>τινες</span> <span class='ocrx_word' id='word_1_47' title='bbox 1316 1118 1473 1179; x_wconf 84' lang='grc' dir='ltr'>κατὰ</span> <span class='ocrx_word' id='word_1_48' title='bbox 1533 1116 1638 1199; x_wconf 83' lang='grc' dir='ltr'>τὴν</span> <span class='ocrx_word' id='word_1_49' title='bbox 1693 1115 1933 1193; x_wconf 80' lang='grc' dir='ltr'>πυλίδα,</span> <span class='ocrx_word' id='word_1_50' title='bbox 1994 1111 2049 1179; x_wconf 79' lang='grc' dir='ltr'>οἱ</span> <span class='ocrx_word' id='word_1_51' title='bbox 2097 1114 2163 1177; x_wconf 89' lang='grc' dir='ltr'>δὲ</span> <span class='ocrx_word' id='word_1_52' title='bbox 2209 1118 2315 1178; x_wconf 84' lang='grc' dir='ltr'>καὶ</span> <span class='ocrx_word' id='word_1_53' title='bbox 2362 1116 2427 1177; x_wconf 89' lang='grc' dir='ltr'>τὸ</span> <span class='ocrx_word' id='word_1_54' title='bbox 2476 1123 2681 1201; x_wconf 88' lang='grc' dir='ltr'>τεῖχος</span> <span class='ocrx_word' id='word_1_55' title='bbox 2736 1108 2916 1196; x_wconf 70' lang='grc' dir='ltr'>ὕπερ-</span> 
     </span>
     <span class='ocr_line' id='line_1_8' title="bbox 433 1234 2919 1333; baseline -0.001 -28"><span class='ocrx_word' id='word_1_56' title='bbox 433 1318 450 1333; x_wconf 37' lang='grc'><strong><em>,</em></strong></span> <span class='ocrx_word' id='word_1_57' title='bbox 477 1242 792 1317; x_wconf 88' lang='grc' dir='ltr'>ελθόντες;</span> <span class='ocrx_word' id='word_1_58' title='bbox 843 1242 1065 1317; x_wconf 83' lang='grc'><strong>29,15;</strong></span> <span class='ocrx_word' id='word_1_59' title='bbox 1120 1243 1312 1318; x_wconf 84' lang='grc'><strong>49,15</strong></span> <span class='ocrx_word' id='word_1_60' title='bbox 1362 1238 1481 1303; x_wconf 81' lang='grc' dir='ltr'>εἴτε</span> <span class='ocrx_word' id='word_1_61' title='bbox 1528 1234 1635 1303; x_wconf 84' lang='grc' dir='ltr'>καὶ</span> <span class='ocrx_word' id='word_1_62' title='bbox 1684 1234 1759 1302; x_wconf 73' lang='grc' dir='ltr'>δι’</span> <span class='ocrx_word' id='word_1_63' title='bbox 1808 1239 2005 1324; x_wconf 83' lang='grc' dir='ltr'>ἔρωτα</span> <span class='ocrx_word' id='word_1_64' title='bbox 2042 1276 2111 1285; x_wconf 86' lang='lat'>--</span> <span class='ocrx_word' id='word_1_65' title='bbox 2154 1236 2273 1303; x_wconf 82' lang='grc' dir='ltr'>εἴτε</span> <span class='ocrx_word' id='word_1_66' title='bbox 2319 1236 2428 1303; x_wconf 84' lang='grc' dir='ltr'>καὶ</span> <span class='ocrx_word' id='word_1_67' title='bbox 2474 1238 2682 1311; x_wconf 82' lang='grc' dir='ltr'>ἄλλως</span> <span class='ocrx_word' id='word_1_68' title='bbox 2725 1262 2919 1303; x_wconf 89' lang='grc' dir='ltr'>κατα-</span> 
     </span>
     <span class='ocr_line' id='line_1_9' title="bbox 475 1359 2917 1450; baseline 0 -21"><span class='ocrx_word' id='word_1_69' title='bbox 475 1369 880 1450; x_wconf 89' lang='grc' dir='ltr'>μαντευομένη</span> <span class='ocrx_word' id='word_1_70' title='bbox 957 1366 1023 1428; x_wconf 85' lang='grc' dir='ltr'>τὸ</span> <span class='ocrx_word' id='word_1_71' title='bbox 1093 1364 1342 1449; x_wconf 88' lang='grc' dir='ltr'>μέλλον;</span> <span class='ocrx_word' id='word_1_72' title='bbox 1411 1367 1556 1443; x_wconf 84' lang='lat'>13,9</span> <span class='ocrx_word' id='word_1_73' title='bbox 1616 1385 1803 1443; x_wconf 83' lang='grc' dir='ltr'>τινας,</span> <span class='ocrx_word' id='word_1_74' title='bbox 1875 1364 1994 1428; x_wconf 85' lang='grc' dir='ltr'>ἀπό</span> <span class='ocrx_word' id='word_1_75' title='bbox 2066 1386 2129 1429; x_wconf 90' lang='grc' dir='ltr'>τε</span> <span class='ocrx_word' id='word_1_76' title='bbox 2200 1359 2536 1449; x_wconf 76' lang='grc' dir='ltr'>Ἰλλυρίδος</span> <span class='ocrx_word' id='word_1_77' title='bbox 2590 1360 2744 1444; x_wconf 83' lang='grc' dir='ltr'>(καὶ)</span> <span class='ocrx_word' id='word_1_78' title='bbox 2802 1374 2917 1429; x_wconf 84' lang='grc' dir='ltr'>τῶν</span> 
     </span>
    </p>
   </div>
   <div class='ocr_carea' id='block_1_3' title="bbox 353 1487 2423 1575">
    <p class='ocr_par' dir='ltr' id='par_1_5' title="bbox 353 1487 2423 1575">
     <span class='ocr_line' id='line_1_10' title="bbox 353 1487 2423 1575; baseline -0 -20"><span class='ocrx_word' id='word_1_79' title='bbox 353 1552 357 1555; x_wconf 82' lang='grc'><strong>.</strong></span> <span class='ocrx_word' id='word_1_80' title='bbox 477 1487 574 1554; x_wconf 80' lang='grc' dir='ltr'>ἐπὶ</span> <span class='ocrx_word' id='word_1_81' title='bbox 619 1487 763 1556; x_wconf 90' lang='grc' dir='ltr'>Ταν.</span> <span class='ocrx_word' id='word_1_82' title='bbox 816 1511 946 1554; x_wconf 90' lang='grc' dir='ltr'>ποτ.</span> <span class='ocrx_word' id='word_1_83' title='bbox 996 1495 1444 1575; x_wconf 77' lang='grc' dir='ltr'><strong>κατῳκημένων</strong></span> <span class='ocrx_word' id='word_1_84' title='bbox 1489 1490 1620 1568; x_wconf 86' lang='lat' dir='ltr'>(cfr.</span> <span class='ocrx_word' id='word_1_85' title='bbox 1673 1492 1821 1554; x_wconf 86' lang='lat' dir='ltr'>Her.</span> <span class='ocrx_word' id='word_1_86' title='bbox 1876 1492 1965 1553; x_wconf 91' lang='lat' dir='ltr'>VI</span> <span class='ocrx_word' id='word_1_87' title='bbox 2017 1492 2250 1568; x_wconf 85' lang='lat'>128,13</span> <span class='ocrx_word' id='word_1_88' title='bbox 2298 1491 2423 1569; x_wconf 86' lang='lat' dir='ltr'><strong>aL).</strong></span> 
     </span>
    </p>
   </div>
   <div class='ocr_carea' id='block_1_4' title="bbox 527 1715 2860 1829">
    <p class='ocr_par' dir='ltr' id='par_1_6' title="bbox 527 1715 2860 1829">
     <span class='ocr_line' id='line_1_11' title="bbox 527 1715 2860 1829; baseline 0 -42"><span class='ocrx_word' id='word_1_89' title='bbox 527 1718 686 1829; x_wconf 69' lang='lat' dir='ltr'>VIL</span> <span class='ocrx_word' id='word_1_90' title='bbox 731 1717 868 1788; x_wconf 85' lang='lat' dir='ltr'>Hie</span> <span class='ocrx_word' id='word_1_91' title='bbox 911 1715 1064 1787; x_wconf 85' lang='lat' dir='ltr'>illie</span> <span class='ocrx_word' id='word_1_92' title='bbox 1108 1718 1348 1789; x_wconf 84' lang='lat' dir='ltr'>laxius</span> <span class='ocrx_word' id='word_1_93' title='bbox 1394 1738 1665 1789; x_wconf 85' lang='lat' dir='ltr'>conexa</span> <span class='ocrx_word' id='word_1_94' title='bbox 1711 1718 1888 1789; x_wconf 88' lang='lat' dir='ltr'>sunt</span> <span class='ocrx_word' id='word_1_95' title='bbox 1932 1717 2473 1788; x_wconf 85' lang='lat' dir='ltr'>enuntiatorum</span> <span class='ocrx_word' id='word_1_96' title='bbox 2517 1718 2860 1787; x_wconf 83' lang='lat' dir='ltr'>membra:</span> 
     </span>
    </p>
   </div>
   <div class='ocr_carea' id='block_1_5' title="bbox 473 1867 2919 4578">
    <p class='ocr_par' dir='ltr' id='par_1_7' title="bbox 473 1867 2919 2954">
     <span class='ocr_line' id='line_1_12' title="bbox 661 1867 2918 1949; baseline -0.001 -18"><span class='ocrx_word' id='word_1_97' title='bbox 661 1873 717 1931; x_wconf 93' lang='lat'>1.</span> <span class='ocrx_word' id='word_1_98' title='bbox 766 1869 1128 1932; x_wconf 84' lang='lat' dir='ltr'>Relativum</span> <span class='ocrx_word' id='word_1_99' title='bbox 1179 1888 1309 1930; x_wconf 92' lang='lat' dir='ltr'>non</span> <span class='ocrx_word' id='word_1_100' title='bbox 1355 1868 1436 1930; x_wconf 84' lang='lat' dir='ltr'>ad</span> <span class='ocrx_word' id='word_1_101' title='bbox 1481 1868 1847 1949; x_wconf 88' lang='lat' dir='ltr'>proximum</span> <span class='ocrx_word' id='word_1_102' title='bbox 1894 1868 2271 1932; x_wconf 75' lang='lat' dir='ltr'>antecedens</span> <span class='ocrx_word' id='word_1_103' title='bbox 2317 1868 2692 1931; x_wconf 79' lang='lat' dir='ltr'>vocabulum</span> <span class='ocrx_word' id='word_1_104' title='bbox 2740 1867 2918 1929; x_wconf 85' lang='lat' dir='ltr'>refer-</span> 
     </span>
     <span class='ocr_line' id='line_1_13' title="bbox 476 1986 2916 2078; baseline -0 -24"><span class='ocrx_word' id='word_1_105' title='bbox 476 2002 611 2055; x_wconf 81' lang='lat' dir='ltr'>tur:</span> <span class='ocrx_word' id='word_1_106' title='bbox 644 1995 744 2071; x_wconf 87' lang='lat'>8,1</span> <span class='ocrx_word' id='word_1_107' title='bbox 768 1990 1022 2078; x_wconf 81' lang='grc' dir='ltr'>ἀφίκετο</span> <span class='ocrx_word' id='word_1_108' title='bbox 1049 1994 1200 2075; x_wconf 84' lang='grc' dir='ltr'>πρὸς</span> <span class='ocrx_word' id='word_1_109' title='bbox 1218 1988 1444 2057; x_wconf 79' lang='grc' dir='ltr'>Αἰόλον</span> <span class='ocrx_word' id='word_1_110' title='bbox 1467 1994 1572 2055; x_wconf 87' lang='grc' dir='ltr'>καὶ</span> <span class='ocrx_word' id='word_1_111' title='bbox 1594 1989 1999 2072; x_wconf 85' lang='grc' dir='ltr'>Μελιγουνίδα</span> <span class='ocrx_word' id='word_1_112' title='bbox 2022 2000 2221 2077; x_wconf 86' lang='grc' dir='ltr'>νῆσον,</span> <span class='ocrx_word' id='word_1_113' title='bbox 2239 1990 2306 2062; x_wconf 84' lang='grc' dir='ltr'>ὃς</span> <span class='ocrx_word' id='word_1_114' title='bbox 2333 1986 2509 2055; x_wconf 74' lang='grc' dir='ltr'>αὐτόν</span> <span class='ocrx_word' id='word_1_115' title='bbox 2528 2026 2608 2035; x_wconf 93' lang='grc'>-</span> <span class='ocrx_word' id='word_1_116' title='bbox 2627 1992 2916 2075; x_wconf 86' lang='grc' dir='ltr'>τεθηπὼς</span> 
     </span>
     <span class='ocr_line' id='line_1_14' title="bbox 485 2113 2919 2203; baseline -0.002 -22"><span class='ocrx_word' id='word_1_117' title='bbox 485 2152 549 2161; x_wconf 93' lang='grc'>-</span> <span class='ocrx_word' id='word_1_118' title='bbox 611 2113 791 2203; x_wconf 83' lang='grc' dir='ltr'>εἶχεν,</span> <span class='ocrx_word' id='word_1_119' title='bbox 842 2120 991 2195; x_wconf 87' lang='grc'>8,19</span> <span class='ocrx_word' id='word_1_120' title='bbox 1017 2140 1108 2199; x_wconf 90' lang='lat' dir='ltr'>sq.</span> <span class='ocrx_word' id='word_1_121' title='bbox 1161 2113 1250 2190; x_wconf 80' lang='grc' dir='ltr'>εἰς</span> <span class='ocrx_word' id='word_1_122' title='bbox 1279 2113 1570 2200; x_wconf 88' lang='grc' dir='ltr'>Ἤπειρόν</span> <span class='ocrx_word' id='word_1_123' title='bbox 1615 2114 1819 2179; x_wconf 82' lang='grc' dir='ltr'>ἐλθὼν</span> <span class='ocrx_word' id='word_1_124' title='bbox 1852 2153 1935 2163; x_wconf 87' lang='lat'>-</span> <span class='ocrx_word' id='word_1_125' title='bbox 1976 2120 2080 2203; x_wconf 81' lang='grc' dir='ltr'>τὴν</span> <span class='ocrx_word' id='word_1_126' title='bbox 2112 2113 2255 2200; x_wconf 90' lang='grc' dir='ltr'>Τυρ.</span> <span class='ocrx_word' id='word_1_127' title='bbox 2311 2118 2622 2199; x_wconf 79' lang='grc' dir='ltr'>θυγατέρα</span> <span class='ocrx_word' id='word_1_128' title='bbox 2666 2115 2919 2201; x_wconf 79' lang='grc' dir='ltr'>ἔφθειρε</span> 
     </span>
     <span class='ocr_line' id='line_1_15' title="bbox 474 2238 2918 2327; baseline -0 -22"><span class='ocrx_word' id='word_1_129' title='bbox 474 2239 767 2327; x_wconf 68' lang='grc' dir='ltr'>Εὐίππην,</span> <span class='ocrx_word' id='word_1_130' title='bbox 817 2242 884 2315; x_wconf 83' lang='grc' dir='ltr'>ὃς</span> <span class='ocrx_word' id='word_1_131' title='bbox 933 2239 1112 2307; x_wconf 77' lang='grc' dir='ltr'>αι’)τὸν</span> <span class='ocrx_word' id='word_1_132' title='bbox 1157 2238 1505 2321; x_wconf 69' lang='grc' dir='ltr'>ὑπεδέξατο,</span> <span class='ocrx_word' id='word_1_133' title='bbox 1556 2244 1711 2307; x_wconf 88' lang='lat' dir='ltr'>item</span> <span class='ocrx_word' id='word_1_134' title='bbox 1762 2246 1957 2321; x_wconf 60' lang='lat'>2520</span> <span class='ocrx_word' id='word_1_135' title='bbox 2005 2241 2298 2326; x_wconf 76' lang='grc' dir='ltr'>ἀξόμενος</span> <span class='ocrx_word' id='word_1_136' title='bbox 2344 2238 2547 2327; x_wconf 75' lang='grc' dir='ltr'>αὐτὴν,</span> <span class='ocrx_word' id='word_1_137' title='bbox 2604 2240 2652 2326; x_wconf 84' lang='grc' dir='ltr'>ᾧ</span> <span class='ocrx_word' id='word_1_138' title='bbox 2699 2243 2918 2305; x_wconf 88' lang='grc' dir='ltr'>καθω-</span> 
     </span>
     <span class='ocr_line' id='line_1_16' title="bbox 473 2364 2917 2453; baseline -0.001 -22"><span class='ocrx_word' id='word_1_139' title='bbox 473 2368 776 2452; x_wconf 89' lang='grc' dir='ltr'>μολόγητο</span> <span class='ocrx_word' id='word_1_140' title='bbox 823 2368 933 2431; x_wconf 89' lang='lat' dir='ltr'>ubi</span> <span class='ocrx_word' id='word_1_141' title='bbox 982 2369 1145 2433; x_wconf 88' lang='lat' dir='ltr'>nihil</span> <span class='ocrx_word' id='word_1_142' title='bbox 1193 2370 1428 2432; x_wconf 86' lang='lat' dir='ltr'>mutari</span> <span class='ocrx_word' id='word_1_143' title='bbox 1472 2370 1636 2447; x_wconf 84' lang='lat' dir='ltr'>licet,</span> <span class='ocrx_word' id='word_1_144' title='bbox 1689 2370 1884 2447; x_wconf 83' lang='lat' dir='ltr'>4o‚14</span> <span class='ocrx_word' id='word_1_145' title='bbox 1933 2378 2041 2453; x_wconf 85' lang='grc' dir='ltr'>τῆς</span> <span class='ocrx_word' id='word_1_146' title='bbox 2080 2364 2452 2452; x_wconf 78' lang='grc' dir='ltr'>Ἀρίστωνος</span> <span class='ocrx_word' id='word_1_147' title='bbox 2497 2368 2800 2447; x_wconf 78' lang='grc' dir='ltr'>γυναικὸς,</span> <span class='ocrx_word' id='word_1_148' title='bbox 2850 2365 2917 2436; x_wconf 88' lang='grc' dir='ltr'>ὃς</span> 
     </span>
     <span class='ocr_line' id='line_1_17' title="bbox 474 2489 2915 2580; baseline -0.002 -23"><span class='ocrx_word' id='word_1_149' title='bbox 474 2490 734 2558; x_wconf 81' lang='grc' dir='ltr'>Οἰταίων</span> <span class='ocrx_word' id='word_1_150' title='bbox 768 2514 972 2578; x_wconf 90' lang='grc' dir='ltr'>προστ.</span> <span class='ocrx_word' id='word_1_151' title='bbox 1007 2490 1100 2580; x_wconf 84' lang='grc' dir='ltr'>ἧν,</span> <span class='ocrx_word' id='word_1_152' title='bbox 1135 2497 1328 2573; x_wconf 88' lang='grc' dir='ltr'>4Ο,18</span> <span class='ocrx_word' id='word_1_153' title='bbox 1363 2493 1424 2560; x_wconf 80' lang='grc' dir='ltr'>ὲν</span> <span class='ocrx_word' id='word_1_154' title='bbox 1455 2505 1537 2579; x_wconf 81' lang='grc' dir='ltr'>τῷ</span> <span class='ocrx_word' id='word_1_155' title='bbox 1569 2491 1732 2579; x_wconf 77' lang='grc' dir='ltr'>ἱερῷ,</span> <span class='ocrx_word' id='word_1_156' title='bbox 1767 2493 1831 2558; x_wconf 86' lang='grc' dir='ltr'>ὃν</span> <span class='ocrx_word' id='word_1_157' title='bbox 1862 2489 2011 2579; x_wconf 84' lang='grc' dir='ltr'>εἶχε.</span> <span class='ocrx_word' id='word_1_158' title='bbox 2078 2489 2643 2571; x_wconf 80' lang='lat' dir='ltr'>Similiter&#39;35,13:</span> <span class='ocrx_word' id='word_1_159' title='bbox 2678 2492 2915 2571; x_wconf 89' lang='grc' dir='ltr'>λέγεται</span> 
     </span>
     <span class='ocr_line' id='line_1_18' title="bbox 475 2615 2917 2706; baseline -0.001 -24"><span class='ocrx_word' id='word_1_160' title='bbox 475 2618 540 2682; x_wconf 83' lang='grc' dir='ltr'>δὲ</span> <span class='ocrx_word' id='word_1_161' title='bbox 583 2620 689 2682; x_wconf 90' lang='grc' dir='ltr'>καὶ</span> <span class='ocrx_word' id='word_1_162' title='bbox 735 2616 1100 2691; x_wconf 81' lang='grc' dir='ltr'>Οἰνοπίωνος</span> <span class='ocrx_word' id='word_1_163' title='bbox 1152 2616 1260 2683; x_wconf 85' lang='grc' dir='ltr'>καὶ</span> <span class='ocrx_word' id='word_1_164' title='bbox 1313 2622 1550 2706; x_wconf 76' lang='grc' dir='ltr'>νυμφης</span> <span class='ocrx_word' id='word_1_165' title='bbox 1599 2615 1849 2705; x_wconf 81' lang='grc' dir='ltr'>Ἑλίκης</span> <span class='ocrx_word' id='word_1_166' title='bbox 1882 2615 2053 2703; x_wconf 85' lang='grc' dir='ltr'>Αἱρὼ</span> <span class='ocrx_word' id='word_1_167' title='bbox 2109 2623 2298 2704; x_wconf 88' lang='grc' dir='ltr'>κόρην</span> <span class='ocrx_word' id='word_1_168' title='bbox 2343 2618 2649 2697; x_wconf 88' lang='grc' dir='ltr'>γενέσθαι·</span> <span class='ocrx_word' id='word_1_169' title='bbox 2697 2619 2917 2701; x_wconf 82' lang='grc' dir='ltr'>ταὺτης</span> 
     </span>
     <span class='ocr_line' id='line_1_19' title="bbox 474 2738 2916 2833; baseline -0.001 -27"><span class='ocrx_word' id='word_1_170' title='bbox 474 2744 540 2809; x_wconf 84' lang='grc' dir='ltr'>δὲ</span> <span class='ocrx_word' id='word_1_171' title='bbox 587 2740 846 2827; x_wconf 77' lang='grc' dir='ltr'>Ὠρίωνα</span> <span class='ocrx_word' id='word_1_172' title='bbox 891 2747 990 2810; x_wconf 84' lang='grc' dir='ltr'>τὸν</span> <span class='ocrx_word' id='word_1_173' title='bbox 1039 2740 1291 2828; x_wconf 79' lang='grc' dir='ltr'>Ὑριέως</span> <span class='ocrx_word' id='word_1_174' title='bbox 1327 2742 1680 2833; x_wconf 26' lang='grc' dir='ltr'>,ἐρασθέντα</span> <span class='ocrx_word' id='word_1_175' title='bbox 1726 2740 1871 2827; x_wconf 87' lang='grc' dir='ltr'>παρ’</span> <span class='ocrx_word' id='word_1_176' title='bbox 1920 2738 2101 2807; x_wconf 71' lang='grc' dir='ltr'>αὐτοῦ</span> <span class='ocrx_word' id='word_1_177' title='bbox 2147 2752 2525 2827; x_wconf 88' lang='grc' dir='ltr'>παραιτεῖται</span> <span class='ocrx_word' id='word_1_178' title='bbox 2578 2744 2685 2827; x_wconf 85' lang='grc' dir='ltr'>τὴν</span> <span class='ocrx_word' id='word_1_179' title='bbox 2731 2745 2916 2826; x_wconf 91' lang='grc' dir='ltr'>κόρην</span> 
     </span>
     <span class='ocr_line' id='line_1_20' title="bbox 473 2870 1961 2954; baseline 0.001 -21"><span class='ocrx_word' id='word_1_180' title='bbox 473 2871 608 2949; x_wconf 85' lang='lat' dir='ltr'>(ubi</span> <span class='ocrx_word' id='word_1_181' title='bbox 653 2872 828 2951; x_wconf 87' lang='lat' dir='ltr'>Legr.</span> <span class='ocrx_word' id='word_1_182' title='bbox 877 2872 1032 2934; x_wconf 88' lang='lat' dir='ltr'>olim</span> <span class='ocrx_word' id='word_1_183' title='bbox 1080 2872 1282 2936; x_wconf 90' lang='lat' dir='ltr'>voluit</span> <span class='ocrx_word' id='word_1_184' title='bbox 1325 2872 1493 2954; x_wconf 85' lang='grc' dir='ltr'>παρὰ</span> <span class='ocrx_word' id='word_1_185' title='bbox 1539 2878 1641 2935; x_wconf 81' lang='grc' dir='ltr'>τοῦ</span> <span class='ocrx_word' id='word_1_186' title='bbox 1688 2870 1961 2952; x_wconf 83' lang='grc' dir='ltr'>πατρός).</span> 
     </span>
    </p>

    <p class='ocr_par' dir='ltr' id='par_1_8' title="bbox 474 2995 2919 3448">
     <span class='ocr_line' id='line_1_21' title="bbox 650 2995 2912 3079; baseline -0.001 -20"><span class='ocrx_word' id='word_1_187' title='bbox 650 2997 1041 3060; x_wconf 86' lang='lat' dir='ltr'>Herodotum</span> <span class='ocrx_word' id='word_1_188' title='bbox 1075 2998 1384 3075; x_wconf 85' lang='lat' dir='ltr'>imitatur,</span> <span class='ocrx_word' id='word_1_189' title='bbox 1418 2996 1590 3079; x_wconf 83' lang='lat' dir='ltr'>apud</span> <span class='ocrx_word' id='word_1_190' title='bbox 1621 3016 1815 3078; x_wconf 91' lang='lat' dir='ltr'>quem</span> <span class='ocrx_word' id='word_1_191' title='bbox 1841 2996 2209 3077; x_wconf 87' lang='lat' dir='ltr'>exemplum</span> <span class='ocrx_word' id='word_1_192' title='bbox 2234 2995 2638 3059; x_wconf 90' lang='lat' dir='ltr'>simillimum</span> <span class='ocrx_word' id='word_1_193' title='bbox 2666 2995 2912 3059; x_wconf 87' lang='lat' dir='ltr'>inveni:</span> 
     </span>
     <span class='ocr_line' id='line_1_22' title="bbox 476 3115 2919 3207; baseline -0.001 -24"><span class='ocrx_word' id='word_1_194' title='bbox 476 3121 598 3183; x_wconf 89' lang='lat' dir='ltr'>VII</span> <span class='ocrx_word' id='word_1_195' title='bbox 661 3123 783 3185; x_wconf 85' lang='lat'>190</span> <span class='ocrx_word' id='word_1_196' title='bbox 839 3116 990 3184; x_wconf 75' lang='grc' dir='ltr'>ὥστε</span> <span class='ocrx_word' id='word_1_197' title='bbox 1039 3116 1421 3206; x_wconf 79' lang='grc' dir='ltr'>Ἀμεινοκλέι</span> <span class='ocrx_word' id='word_1_198' title='bbox 1478 3156 1562 3167; x_wconf 93' lang='lat'>·-</span> <span class='ocrx_word' id='word_1_199' title='bbox 1619 3116 1660 3207; x_wconf 77' lang='grc' dir='ltr'>ἡ</span> <span class='ocrx_word' id='word_1_200' title='bbox 1715 3123 1971 3205; x_wconf 80' lang='grc' dir='ltr'>ναυηγίη</span> <span class='ocrx_word' id='word_1_201' title='bbox 2016 3115 2179 3205; x_wconf 35' lang='grc' dir='ltr'>ζαῧτη</span> <span class='ocrx_word' id='word_1_202' title='bbox 2236 3116 2469 3201; x_wconf 80' lang='grc' dir='ltr'>ἐγένετο</span> <span class='ocrx_word' id='word_1_203' title='bbox 2524 3120 2801 3205; x_wconf 85' lang='grc' dir='ltr'>χρηστὴ,·</span> <span class='ocrx_word' id='word_1_204' title='bbox 2850 3118 2919 3190; x_wconf 87' lang='grc' dir='ltr'>ὃς</span> 
     </span>
     <span class='ocr_line' id='line_1_23' title="bbox 474 3240 2912 3328; baseline 0 -21"><span class='ocrx_word' id='word_1_205' title='bbox 474 3244 676 3308; x_wconf 85' lang='grc' dir='ltr'>πολλὰ</span> <span class='ocrx_word' id='word_1_206' title='bbox 733 3279 788 3287; x_wconf 92' lang='grc'>-</span> <span class='ocrx_word' id='word_1_207' title='bbox 863 3240 998 3326; x_wconf 79' lang='grc' dir='ltr'>εὗρε</span> <span class='ocrx_word' id='word_1_208' title='bbox 1062 3244 1192 3323; x_wconf 83' lang='lat' dir='ltr'>(cfr.</span> <span class='ocrx_word' id='word_1_209' title='bbox 1244 3246 1514 3308; x_wconf 84' lang='lat' dir='ltr'>Kiihner</span> <span class='ocrx_word' id='word_1_210' title='bbox 1568 3247 1633 3308; x_wconf 88' lang='lat' dir='ltr'>II</span> <span class='ocrx_word' id='word_1_211' title='bbox 1692 3248 1818 3310; x_wconf 87' lang='lat'>908</span> <span class='ocrx_word' id='word_1_212' title='bbox 1853 3249 1909 3308; x_wconf 89' lang='lat' dir='ltr'>A</span> <span class='ocrx_word' id='word_1_213' title='bbox 1944 3248 2001 3323; x_wconf 88' lang='lat'>6,</span> <span class='ocrx_word' id='word_1_214' title='bbox 2066 3247 2177 3326; x_wconf 91' lang='lat' dir='ltr'>qui</span> <span class='ocrx_word' id='word_1_215' title='bbox 2238 3246 2531 3328; x_wconf 85' lang='lat' dir='ltr'>exempla</span> <span class='ocrx_word' id='word_1_216' title='bbox 2583 3246 2781 3309; x_wconf 88' lang='lat' dir='ltr'>Thuo.</span> <span class='ocrx_word' id='word_1_217' title='bbox 2830 3246 2912 3308; x_wconf 83' lang='lat' dir='ltr'>Is.</span> 
     </span>
     <span class='ocr_line' id='line_1_24' title="bbox 476 3370 1070 3448; baseline 0.007 -17"><span class='ocrx_word' id='word_1_218' title='bbox 476 3372 686 3446; x_wconf 83' lang='lat' dir='ltr'>affert;</span> <span class='ocrx_word' id='word_1_219' title='bbox 737 3372 889 3433; x_wconf 86' lang='lat' dir='ltr'>Con.</span> <span class='ocrx_word' id='word_1_220' title='bbox 940 3370 1070 3448; x_wconf 88' lang='lat'>44).</span> 
     </span>
    </p>

    <p class='ocr_par' dir='ltr' id='par_1_9' title="bbox 476 3491 2917 4325">
     <span class='ocr_line' id='line_1_25' title="bbox 654 3491 2917 3590; baseline -0.001 -33"><span class='ocrx_word' id='word_1_221' title='bbox 654 3496 711 3557; x_wconf 85' lang='lat'>2.</span> <span class='ocrx_word' id='word_1_222' title='bbox 763 3494 1056 3558; x_wconf 81' lang='lat' dir='ltr'>Subiecta</span> <span class='ocrx_word' id='word_1_223' title='bbox 1102 3494 1431 3576; x_wconf 88' lang='lat' dir='ltr'>inopinato</span> <span class='ocrx_word' id='word_1_224' title='bbox 1476 3501 1837 3559; x_wconf 83' lang='lat' dir='ltr'>mutantur:</span> <span class='ocrx_word' id='word_1_225' title='bbox 1890 3498 2157 3590; x_wconf 83' lang='lat' dir='ltr'>6,16sq.</span> <span class='ocrx_word' id='word_1_226' title='bbox 2207 3491 2501 3579; x_wconf 78' lang='grc' dir='ltr'>(Λυρκος)</span> <span class='ocrx_word' id='word_1_227' title='bbox 2546 3491 2673 3558; x_wconf 82' lang='grc' dir='ltr'>ἐπεὶ</span> <span class='ocrx_word' id='word_1_228' title='bbox 2719 3494 2917 3556; x_wconf 87' lang='grc' dir='ltr'>πλέων</span> 
     </span>
     <span class='ocr_line' id='line_1_26' title="bbox 477 3614 2916 3705; baseline 0 -26"><span class='ocrx_word' id='word_1_229' title='bbox 477 3615 728 3703; x_wconf 77' lang='grc' dir='ltr'>ἀφίκετο</span> <span class='ocrx_word' id='word_1_230' title='bbox 783 3652 863 3663; x_wconf 90' lang='grc'>--</span> <span class='ocrx_word' id='word_1_231' title='bbox 933 3620 1082 3702; x_wconf 89' lang='grc' dir='ltr'>πρὸς</span> <span class='ocrx_word' id='word_1_232' title='bbox 1148 3614 1490 3705; x_wconf 79' lang='grc' dir='ltr'>Στάφυλον,</span> <span class='ocrx_word' id='word_1_233' title='bbox 1559 3615 1795 3690; x_wconf 80' lang='grc' dir='ltr'>ἐκεῖνος</span> <span class='ocrx_word' id='word_1_234' title='bbox 1852 3615 2029 3683; x_wconf 71' lang='grc' dir='ltr'>αυτὸν</span> <span class='ocrx_word' id='word_1_235' title='bbox 2081 3614 2525 3705; x_wconf 78' lang='grc' dir='ltr'>ὃποδεχόμενος</span> <span class='ocrx_word' id='word_1_236' title='bbox 2586 3614 2675 3690; x_wconf 79' lang='grc' dir='ltr'>εἰς</span> <span class='ocrx_word' id='word_1_237' title='bbox 2730 3619 2916 3682; x_wconf 82' lang='grc' dir='ltr'>πολὺν</span> 
     </span>
     <span class='ocr_line' id='line_1_27' title="bbox 478 3739 2915 3828; baseline 0.001 -24"><span class='ocrx_word' id='word_1_238' title='bbox 478 3739 630 3805; x_wconf 86' lang='grc' dir='ltr'>οἶνον</span> <span class='ocrx_word' id='word_1_239' title='bbox 675 3745 1089 3826; x_wconf 85' lang='grc' dir='ltr'>προετρέψατο</span> <span class='ocrx_word' id='word_1_240' title='bbox 1135 3746 1242 3807; x_wconf 88' lang='grc' dir='ltr'>καὶ</span> <span class='ocrx_word' id='word_1_241' title='bbox 1274 3739 1482 3828; x_wconf 77' lang='grc' dir='ltr'>ἐπειδὴ</span> <span class='ocrx_word' id='word_1_242' title='bbox 1517 3745 1723 3827; x_wconf 82' lang='grc' dir='ltr'>πολλῇ</span> <span class='ocrx_word' id='word_1_243' title='bbox 1758 3745 1928 3828; x_wconf 80' lang='grc' dir='ltr'>μέθῃ</span> <span class='ocrx_word' id='word_1_244' title='bbox 1958 3754 2229 3828; x_wconf 86' lang='grc' dir='ltr'>παρεῖτο,</span> <span class='ocrx_word' id='word_1_245' title='bbox 2263 3746 2723 3823; x_wconf 85' lang='grc' dir='ltr'>συγκατακλίνει</span> <span class='ocrx_word' id='word_1_246' title='bbox 2755 3740 2915 3827; x_wconf 71' lang='grc' dir='ltr'>αὐτῷ</span> 
     </span>
     <span class='ocr_line' id='line_1_28' title="bbox 478 3862 2917 3953; baseline 0.002 -24"><span class='ocrx_word' id='word_1_247' title='bbox 478 3862 797 3953; x_wconf 80' lang='grc' dir='ltr'>Ἡμιθέαν.</span> <span class='ocrx_word' id='word_1_248' title='bbox 850 3868 1047 3945; x_wconf 82' lang='grc'><strong>29,17</strong></span> <span class='ocrx_word' id='word_1_249' title='bbox 1081 3888 1197 3949; x_wconf 89' lang='lat' dir='ltr'>sq.,</span> <span class='ocrx_word' id='word_1_250' title='bbox 1232 3870 1385 3946; x_wconf 85' lang='lat'>31‚8</span> <span class='ocrx_word' id='word_1_251' title='bbox 1411 3890 1506 3950; x_wconf 87' lang='lat' dir='ltr'>sq.</span> <span class='ocrx_word' id='word_1_252' title='bbox 1539 3866 1864 3953; x_wconf 81' lang='grc' dir='ltr'>(Περσεὺς)</span> <span class='ocrx_word' id='word_1_253' title='bbox 1899 3864 2264 3953; x_wconf 84' lang='grc' dir='ltr'>Ἀκάμαντα</span> <span class='ocrx_word' id='word_1_254' title='bbox 2300 3870 2519 3933; x_wconf 80' lang='grc' dir='ltr'>πείθει·</span> <span class='ocrx_word' id='word_1_255' title='bbox 2575 3870 2917 3933; x_wconf 76' lang='grc' dir='ltr'>καθίστατο</span> 
     </span>
     <span class='ocr_line' id='line_1_29' title="bbox 476 3987 2916 4079; baseline 0.001 -25"><span class='ocrx_word' id='word_1_256' title='bbox 476 3995 591 4076; x_wconf 83' lang='grc' dir='ltr'>γὰρ</span> <span class='ocrx_word' id='word_1_257' title='bbox 637 3987 916 4078; x_wconf 70' lang='grc' dir='ltr'>ὕπαρχος</span> <span class='ocrx_word' id='word_1_258' title='bbox 971 4002 1073 4057; x_wconf 84' lang='grc' dir='ltr'>τοῦ</span> <span class='ocrx_word' id='word_1_259' title='bbox 1133 3996 1383 4079; x_wconf 89' lang='grc' dir='ltr'>χωρίου·</span> <span class='ocrx_word' id='word_1_260' title='bbox 1479 3990 1641 4078; x_wconf 82' lang='grc' dir='ltr'>ἦλθε</span> <span class='ocrx_word' id='word_1_261' title='bbox 1700 3993 1766 4058; x_wconf 85' lang='grc' dir='ltr'>δὲ</span> <span class='ocrx_word' id='word_1_262' title='bbox 1826 3998 1933 4059; x_wconf 87' lang='grc' dir='ltr'>καὶ</span> <span class='ocrx_word' id='word_1_263' title='bbox 1978 3990 2264 4079; x_wconf 89' lang='grc' dir='ltr'>Λαοδίκη</span> <span class='ocrx_word' id='word_1_264' title='bbox 2334 4030 2400 4039; x_wconf 92' lang='lat'>--</span> <span class='ocrx_word' id='word_1_265' title='bbox 2464 3993 2549 4059; x_wconf 80' lang='grc' dir='ltr'>ἔτι</span> <span class='ocrx_word' id='word_1_266' title='bbox 2608 3996 2916 4077; x_wconf 81' lang='grc' dir='ltr'>παρθένος</span> 
     </span>
     <span class='ocr_line' id='line_1_30' title="bbox 477 4112 2917 4205; baseline 0.001 -26"><span class='ocrx_word' id='word_1_267' title='bbox 477 4112 649 4180; x_wconf 75' lang='grc' dir='ltr'>οὖσα·</span> <span class='ocrx_word' id='word_1_268' title='bbox 712 4116 868 4181; x_wconf 79' lang='grc' dir='ltr'>ἔνθα</span> <span class='ocrx_word' id='word_1_269' title='bbox 931 4118 1008 4203; x_wconf 81' lang='grc' dir='ltr'>δὴ</span> <span class='ocrx_word' id='word_1_270' title='bbox 1065 4118 1452 4203; x_wconf 82' lang='grc' dir='ltr'>παντοδαπὴν</span> <span class='ocrx_word' id='word_1_271' title='bbox 1517 4119 1729 4205; x_wconf 90' lang='grc' dir='ltr'>θοίνην</span> <span class='ocrx_word' id='word_1_272' title='bbox 1775 4115 2246 4205; x_wconf 76' lang='grc' dir='ltr'>ἑτοιμασάμενος</span> <span class='ocrx_word' id='word_1_273' title='bbox 2302 4121 2757 4199; x_wconf 85' lang='grc' dir='ltr'>συγκατακλίνει</span> <span class='ocrx_word' id='word_1_274' title='bbox 2811 4121 2917 4183; x_wconf 81' lang='grc' dir='ltr'>καὶ</span> 
     </span>
     <span class='ocr_line' id='line_1_31' title="bbox 477 4236 1855 4325; baseline 0.002 -21"><span class='ocrx_word' id='word_1_275' title='bbox 477 4242 583 4325; x_wconf 84' lang='grc' dir='ltr'>τὴν</span> <span class='ocrx_word' id='word_1_276' title='bbox 628 4236 743 4318; x_wconf 88' lang='grc' dir='ltr'>Λ.;</span> <span class='ocrx_word' id='word_1_277' title='bbox 793 4242 985 4320; x_wconf 83' lang='grc'>39,27</span> <span class='ocrx_word' id='word_1_278' title='bbox 1033 4264 1148 4324; x_wconf 88' lang='lat' dir='ltr'>sq.,</span> <span class='ocrx_word' id='word_1_279' title='bbox 1200 4245 1350 4321; x_wconf 85' lang='lat'>25‚4</span> <span class='ocrx_word' id='word_1_280' title='bbox 1397 4264 1512 4325; x_wconf 87' lang='lat' dir='ltr'>sq.,</span> <span class='ocrx_word' id='word_1_281' title='bbox 1565 4246 1715 4321; x_wconf 83' lang='lat'><strong>48,3</strong></span> <span class='ocrx_word' id='word_1_282' title='bbox 1764 4264 1855 4325; x_wconf 88' lang='lat' dir='ltr'>sq.</span> 
     </span>
    </p>

    <p class='ocr_par' dir='ltr' id='par_1_10' title="bbox 479 4364 2917 4578">
     <span class='ocr_line' id='line_1_32' title="bbox 656 4364 2917 4454; baseline 0 -24"><span class='ocrx_word' id='word_1_283' title='bbox 656 4368 848 4445; x_wconf 84' lang='lat'>25,19</span> <span class='ocrx_word' id='word_1_284' title='bbox 897 4389 988 4449; x_wconf 89' lang='lat' dir='ltr'>sq.</span> <span class='ocrx_word' id='word_1_285' title='bbox 1039 4364 1357 4454; x_wconf 76' lang='grc' dir='ltr'>Κλυμενος</span> <span class='ocrx_word' id='word_1_286' title='bbox 1403 4370 1759 4434; x_wconf 85' lang='lat' dir='ltr'>subiectum</span> <span class='ocrx_word' id='word_1_287' title='bbox 1807 4376 1902 4434; x_wconf 83' lang='lat' dir='ltr'>est</span> <span class='ocrx_word' id='word_1_288' title='bbox 1965 4378 2029 4434; x_wconf 90' lang='lat' dir='ltr'>et</span> <span class='ocrx_word' id='word_1_289' title='bbox 2097 4370 2265 4435; x_wconf 87' lang='lat' dir='ltr'>verbi</span> <span class='ocrx_word' id='word_1_290' title='bbox 2313 4368 2807 4454; x_wconf 79' lang='grc' dir='ltr'>καθωμολόγητο</span> <span class='ocrx_word' id='word_1_291' title='bbox 2854 4375 2917 4431; x_wconf 86' lang='lat' dir='ltr'>et</span> 
     </span>
     <span class='ocr_line' id='line_1_33' title="bbox 479 4487 2205 4578; baseline 0.002 -24"><span class='ocrx_word' id='word_1_292' title='bbox 479 4487 801 4578; x_wconf 80' lang='grc' dir='ltr'>ἐνεχείρισε</span> <span class='ocrx_word' id='word_1_293' title='bbox 844 4495 976 4574; x_wconf 84' lang='lat' dir='ltr'>(cfr.</span> <span class='ocrx_word' id='word_1_294' title='bbox 1025 4497 1175 4557; x_wconf 91' lang='lat' dir='ltr'>Her.</span> <span class='ocrx_word' id='word_1_295' title='bbox 1227 4495 1258 4558; x_wconf 97' lang='lat' dir='ltr'>I</span> <span class='ocrx_word' id='word_1_296' title='bbox 1305 4497 1388 4557; x_wconf 83' lang='lat'>33</span> <span class='ocrx_word' id='word_1_297' title='bbox 1437 4503 1499 4558; x_wconf 87' lang='lat' dir='ltr'>et</span> <span class='ocrx_word' id='word_1_298' title='bbox 1544 4496 1722 4559; x_wconf 86' lang='lat' dir='ltr'>Stein</span> <span class='ocrx_word' id='word_1_299' title='bbox 1770 4495 1853 4558; x_wconf 88' lang='lat' dir='ltr'>ad</span> <span class='ocrx_word' id='word_1_300' title='bbox 1898 4496 2073 4559; x_wconf 84' lang='lat' dir='ltr'>hune</span> <span class='ocrx_word' id='word_1_301' title='bbox 2119 4495 2205 4573; x_wconf 93' lang='grc'><strong>1.).</strong></span> 
     </span>
    </p>
   </div>
  </div>
 </body>
</html>
