3342 5067
1496 289 1935 353 -43-

673 489 1040 554 Infinitivus
1086 490 1283 553 futuri
1343 510 1394 551 c.
1445 485 1516 551 ἄν
1581 489 1891 568 sequitur:
1952 486 2286 549 πείθεσθαι
2336 485 2503 562 6,16.
2564 485 2753 561 15,13
2800 482 2930 561 (cfr.

488 615 760 679 Kiihner
802 615 888 691 ΙΙ,
937 634 1037 695 pg.
1090 614 1217 676 258
1235 612 1295 690 d,
1359 614 1605 695 Kayser
1650 612 1846 695 praef.
1894 611 1975 675 ad
2020 611 2315 697 Philostr.
2352 610 2572 673 XXIV
2618 608 2766 673 adn.
2809 607 2929 687 17).

666 739 876 803 Semel
905 738 1266 803 infinitivus
1297 740 1532 819 regitur
1561 738 1751 801 verbo
1774 737 2119 801 sentiendi:
2169 737 2315 815 11,2
2349 731 2647 797 ἐπέπυστο
2679 734 2933 797 κεῖσθαι

489 858 666 928 αὖτόν
710 864 1006 943 (Kiihner
1049 864 1132 942 ΙΙ,
1182 886 1285 946 pg.
1321 864 1558 943 629‚3).

662 992 740 1053 In
817 990 1116 1054 orationis
1182 990 1476 1071 obliquae
1534 990 1867 1054 sententiis
1928 987 2355 1053 subordinatis
2410 986 2769 1051 infinitivus
2826 986 2929 1049 ad-

488 1115 772 1180 hibetur:

665 1242 725 1320 a)
770 1245 912 1323 post
943 1234 1064 1310 ὡςε
1117 1241 1310 1317 30,23
1344 1234 1585 1324 ἐλέχθη
1617 1241 1753 1323 περὶ
1780 1233 2103 1322 Λαοδίκης
2138 1271 2201 1281 -
2238 1236 2440 1317 λόγος,
2474 1232 2559 1306 ὡς
2586 1269 2659 1281 -·
2694 1236 2929 1320 πολλὴν

491 1362 586 1429 ἐπ.
633 1364 796 1449 ἔχειν
840 1366 1034 1447 (quod
1080 1365 1312 1429 Herod.
1363 1365 1539 1428 haud
1585 1385 1721 1428 raro
1775 1364 2055 1443 adhibet,
2117 1363 2227 1428 cfr.
2277 1363 2457 1426 Stein
2502 1362 2582 1425 ad
2630 1364 2663 1425 I
2714 1362 2926 1439 24,30,

487 1492 760 1555 Kiihner
804 1491 874 1553 Π
919 1485 1223 1571 876A3b).

664 1616 731 1693 b)
775 1615 919 1696 post
939 1608 1028 1675 εἷς
1059 1614 1251 1691 44316
1286 1614 1370 1697 μὴ
1396 1614 1601 1676 θέλειν
1633 1609 1985 1685 ἀποδοῦναι,
2010 1606 2064 1674 εὶ
2092 1612 2177 1697 μὴ
2202 1612 2489 1695 πρότερον
2515 1604 2667 1693 αὐτῇ
2694 1611 2933 1695 μιχθῆ-

489 1761 602 1803 ναι.
696 1742 774 1803 In
821 1741 1038 1830 ceteris
1085 1740 1417 1803 sententiis
1461 1738 2015 1803 coniunctionibus
2059 1738 2245 1801 rectis
2290 1757 2438 1801 cum
2484 1756 2705 1800 omnes
2745 1735 2929 1817 scrip-

489 1872 652 1929 tores
699 1866 918 1929 Graeci
963 1866 1032 1928 in
1079 1865 1360 1929 oratione
1403 1864 1528 1930 obl.
1575 1882 2047 1943 nonnunquam
2095 1862 2416 1925 infinitivo
2456 1866 2739 1938 utantur,
2788 1865 2931 1941 post

493 1986 548 2053 εἰ
592 2010 762 2054 unus
809 1990 936 2054 fere
981 1988 1341 2053 Herodotus
1386 1989 1517 2067 (cfr.
1567 1988 1748 2053 Stein
1792 1987 1873 2051 ad
1918 1988 1954 2051 I
1993 1988 2215 2065 24,30;
2263 1987 2461 2050 Thuc.
2513 1986 2706 2063 4,98).

667 2116 723 2193 c)
766 2116 837 2179 in
884 2115 1214 2178 enuntiato
1260 2114 1542 2179 relativo:
1609 2114 1804 2191 42,13
1872 2106 2019 2175 ὅθεν
2084 2106 2175 2183 εἰς
2234 2117 2513 2174 τοσοῦτον
2586 2144 2657 2153 -
2724 2104 2930 2171 ἐλθεῖν

493 2241 687 2318 46,14
734 2238 806 2325 ἢν
851 2249 1305 2325 μεταναστᾱσαν
1353 2274 1434 2283 —-
1484 2237 1759 2321 βαδίζειν.

668 2365 878 2429 Semel
921 2366 1314 2429 accusativus
1357 2386 1410 2428 c.
1457 2364 1572 2429 inf.
1621 2364 1946 2460 invenitur
1991 2362 2372 2427 nominativi
2416 2362 2551 2425 loco
2604 2360 2930 2423 adhibitus

399 2524 402 2531 ·
489 2492 559 2554 in
601 2490 920 2554 sententia
963 2511 1075 2572 per
1119 2486 1274 2553 ὥστε
1318 2495 1512 2554 recta:
1579 2490 1773 2567 21,13
1822 2488 2053 2571 νὺκτωρ
2100 2490 2314 2571 κατῄει
2371 2489 2524 2549 πάνυ
2579 2488 2930 2571 κεκμηκώς,

491 2610 645 2678 ὥστε
691 2614 848 2701 μηδὲ
893 2650 981 2659 -
1026 2618 1326 2699 γινόμενον
1370 2649 1453 2659 -
1504 2609 1991 2699 καταφέρεσθαι.

667 2741 1035 2805 Infinitivus
1071 2741 1358 2821 sequitur
1387 2739 1771 2803 adiectivum
1806 2734 2117 2823 ἐκπρεπής
2150 2736 2342 2815 43,17
2357 2756 2373 2816 ;
2422 2736 2925 2800 substantivum:

493 2865 642 2943 44‚7
691 2863 913 2951 ἤγαγεν
961 2860 1050 2936 εἰς
1095 2861 1420 2948 ἐπιθυμίαν
1467 2857 1622 2946 αὐτῇ
1669 2872 1911 2947 μιγῆναι
1953 2863 2249 2941 (Kiihner
2294 2862 2361 2924 II
2409 2861 2645 2938 583‚5).

1261 3083 1322 3145 2.
1369 3083 1469 3143 De
1514 3078 1943 3161 participio,

667 3240 1018 3321 Participiis
1085 3240 1189 3305 hic
1241 3240 1496 3304 libellus
1558 3240 1869 3313 abundat;
1943 3237 2435 3301 constructiones
2505 3234 2929 3317 participiales

408 3409 413 3414 -
491 3366 674 3446 longe
718 3367 932 3448 plures
976 3371 1128 3429 sunt
1174 3386 1370 3446 quam
1419 3366 1755 3430 enuntiata
1799 3361 2353 3428 coniunctionibus
2397 3367 2583 3424 recta.
2670 3362 2788 3423 Ex.
2837 3381 2923 3439 gr.

491 3492 560 3553 in
606 3491 814 3573 prima
860 3492 1077 3554 fabula
1119 3492 1554 3571 undetriginta
1597 3490 1931 3573 participia
1971 3493 2244 3552 exstant.
2333 3486 2528 3550 Haud
2576 3486 2764 3567 pauci
2810 3484 2929 3548 loci

493 3615 839 3696 participiis
886 3615 1301 3679 accumulatis
1346 3614 1634 3678 difficiles
1682 3616 1866 3678 fiunt.

666 3740 1020 3821 Participia,
1088 3759 1250 3820 quae
1307 3739 1781 3803 subordinanda
1824 3743 2022 3815 erant,
2086 3758 2125 3801 a
2167 3736 2506 3800 Parthenio
2568 3734 2931 3799 coordinata

490 3884 625 3929 esse
670 3847 993 3929 videntur:
1065 3866 1256 3942 19‚12
1306 3866 1803 3949 κατομοσαμένοο
1864 3862 1933 3926 δὲ
1996 3858 2226 3926 ἐκείνου
2282 3856 2408 3923 καί
2436 3861 2771 3945 ’λαβομένη
2819 3867 2929 3941 τῆς

489 3991 700 4076 χειρὸς
765 3983 946 4053 αὐτοῦ
993 3985 1033 4074 ἡ
1080 3985 1236 4054 Πολ.
1300 3994 1727 4074 μιμνήσκεται;
1788 3993 1989 4069 genet.
2056 3988 2187 4052 abs.
2254 3993 2318 4051 et
2384 3991 2542 4067 part.
2605 3986 2923 4049 coniunct.

489 4116 848 4178 coordinata
915 4120 1085 4179 sunt.
1179 4116 1319 4189 Qua
1384 4115 1718 4178 Passovius
1785 4114 1989 4177 utitur
2050 4114 2290 4176 ratione
2346 4112 2475 4190 (καί
2534 4146 2614 4155 --
2680 4113 2787 4173 καί
2842 4082 2922 4160 ὲ·

499 4250 598 4303 «et
643 4274 712 4283 —-
767 4238 896 4316 et»)
941 4239 1242 4321 explicari
1276 4259 1406 4302 non
1437 4239 1602 4316 licet,
1647 4239 1967 4319 siquidem
1997 4238 2104 4301 καί
2136 4274 2213 4282 -
2247 4239 2371 4315 καί,
2420 4236 2591 4318 quod
2635 4236 2755 4299 hoc
2792 4236 2925 4298 loco

488 4365 678 4446 plane
730 4364 1025 4445 ineptum
1077 4367 1202 4440 est,
1267 4364 1438 4446 apud
1483 4364 1697 4427 Parth.
1758 4384 1888 4427 non
1949 4364 2275 4429 invenitur
2330 4362 2461 4439 (cfr.
2509 4382 2609 4442 pg.
2662 4359 2795 4438 54);
2842 4358 2923 4422 ad

489 4490 846 4572 simplicem
895 4490 1032 4552 eius
1076 4508 1432 4552 sermonem
1477 4509 1606 4553 non
1651 4488 1943 4568 quadrat.
