3342 5067
647 488 688 578 ἡ
735 500 882 563 παῖς
925 510 1138 572 saepe:
1194 492 1363 569 14,1.
1414 494 1562 568 21,2
1611 496 1676 555 et
1723 494 1761 555 6
1808 488 1956 556 etc.¹

647 618 840 689 κὺωνς
887 617 1064 686 κε’)νες
1085 609 1294 678 -οὖσαι
1325 622 1442 681 etc.
1485 618 1634 693 22‚2
1668 621 1733 680 et
1768 619 1866 680 10.
1896 619 2065 695 49‚3,
2102 619 2287 688 κὸνας
2316 618 2581 690 πολλοὺς
2604 618 2905 697 (29,14?).

647 746 933 826 συνεργός
979 742 1058 805 de
1102 742 1236 804 viro
1275 743 1446 819 31,6‚
1497 742 1576 805 de
1621 742 1863 806 femina
1912 741 2081 820 7,13.
2134 744 2348 820 38,13.
2694 728 2712 747 ⁸

1400 897 1469 987 b)
1515 898 1618 967 De
1667 920 1983 969 numero.

642 1030 1076 1111 Singularis
1112 1028 1476 1093 collectivus
1504 1029 1969 1109 intellegendus
2002 1036 2121 1094 est:
2169 1028 2368 1114 πολλὴ
2416 1036 2494 1114 γῆ
2528 1032 2655 1107 6,2.
2691 1031 2903 1107 48,22‚

465 1156 666 1241 πολλὴ
694 1155 992 1252 θζάλασσοι
1034 1155 1208 1232 (Her.
1260 1155 1293 1217 Ι
1325 1155 1428 1231 30,
1479 1154 1571 1217 IV
1605 1153 1719 1231 76;
1769 1155 1935 1218 Xen.
1971 1156 2091 1219 An.
2132 1158 2189 1219 2.
2226 1157 2284 1219 4.
2338 1156 2417 1218 21
2455 1154 2652 1239 πολλὴ
2686 1156 2904 1239 χώρα).

1460 1298 1561 1361 De
1605 1296 1909 1379 plurali.

646 1431 676 1491 1
689 1476 704 1491 .
749 1424 1018 1490 Pluralis
1063 1424 1362 1506 poeticus
1413 1424 1527 1505 qui
1572 1422 1821 1500 dicitur,
1870 1443 1909 1487 a
1953 1424 2292 1487 Parthenio
2336 1430 2679 1505 usurpatur
2721 1424 2819 1487 in:

638 1552 716 1614 τὰ
762 1554 978 1632 στέρνα
1026 1551 1216 1625 41,21
1286 1549 1498 1629 (negat
1543 1550 1931 1613 Kuehnerus
1975 1544 2473 1629 Xenophontem
2532 1548 2687 1611 talia
2729 1548 2901 1611 adhi-

459 1678 698 1742 buisse:
771 1678 913 1759 Cyr.
965 1678 1023 1739 4.
1075 1679 1134 1738 6.
1186 1677 1245 1753 4,
1311 1675 1370 1738 7.
1422 1677 1479 1739 3.
1537 1676 1645 1750 14;
1720 1674 1831 1739 cfr.
1883 1676 2033 1738 Ant.
2092 1673 2229 1737 Lib.
2282 1672 2451 1751 73,4,
2514 1672 2759 1739 Jacobs,
2820 1672 2903 1735 ad

456 1806 612 1868 Ach.
663 1802 798 1866 Tat.
846 1823 948 1885 pg.
1000 1802 1169 1880 421).

633 1932 854 2012 γάμοις
903 1928 1113 2004 14‚20,
1165 1929 1395 2010 γάμους
1431 1926 1619 2002 25,21
1670 1924 1916 2002 <Aeson
1966 1926 2061 1988 Pr.
2100 1926 2247 2001 949,
2298 1926 2408 2005 Ag.
2465 1923 2651 2000 1127,
2702 1923 2895 2004 Soph.

457 2055 530 2119 O.
579 2056 653 2117 R.
709 2052 922 2131 1403).

632 2187 746 2242 τῶν
794 2176 1076 2263 ἁρμάτων
1129 2178 1336 2254 14,13‚
1386 2178 1463 2240 τὰ
1506 2176 1701 2261 λὺχνοι
1747 2176 1963 2253 32,15.
2013 2175 2227 2251 33,12.

630 2296 1018 2390 χρηστηρίων
1081 2312 1248 2366 τινῶν
1305 2298 1488 2366 ἕνεκα
1534 2304 1686 2379 8,19
1754 2300 1959 2378 (aliter
2023 2301 2099 2362 τὰ
2153 2300 2309 2382 κρέα
2370 2300 2541 2375 26,8,
2594 2298 2767 2379 quod
2820 2298 2893 2361 si·

452 2431 734 2511 gnificat:
790 2430 1100 2511 «corporis
1145 2429 1522 2511 particulas»
1573 2429 1767 2491 Hom.
1818 2427 1967 2489 Her.
2017 2425 2140 2502 al.).

631 2558 688 2619 2.
738 2555 1015 2619 Pluralia
1060 2555 1348 2619 neutrius
1394 2554 1637 2634 generis
1684 2572 1764 2615 ex
1808 2554 1941 2633 lege
1986 2572 2133 2616 cum
2180 2550 2484 2630 singulari
2535 2552 2708 2614 verbi
2752 2536 2923 2614 con-⁵

452 2684 830 2763 iunguntur:

633 2809 778 2883 18,6
829 2801 898 2868 οὒ
944 2807 1096 2890 πρὸς
1142 2801 1366 2889 ἡδονῆς
1409 2801 1484 2890 ἧν
1531 2806 1610 2868 τὰ
1652 2804 1988 2889 λεχθέντα;
2039 2806 2207 2882 25,3,
2261 2806 2475 2882 29,11.

630 2934 688 2995 3.
740 2930 1200 3016 σονελεξάμεθα
1245 2932 1400 2995 dicit
1445 2933 1709 3013 scriptor
1754 2934 1925 3009 5‚10‚
1992 2932 2106 2995 ubi
2152 2932 2231 2995 de
2278 2952 2343 2994 se
2399 2932 2537 3012 ipso
2590 2930 2888 3011 loquitur,

447 3079 594 3121 cum
642 3057 828 3122 initio
875 3058 1180 3139 epistulae
1225 3058 1530 3138 singulari
1574 3062 1815 3121 utatur:
1886 3096 1956 3105 —
2034 3055 2229 3120 δοκῶν
2291 3090 2380 3100 —-
2442 3054 2891 3140 ἀναλεξάμενος

450 3218 530 3225 ——
572 3178 946 3245 ἀπέσταλκα.
1039 3182 1255 3259 (Hunc
1307 3183 1618 3265 pluralem
1666 3182 1865 3247 Attici
1909 3202 2047 3245 raro
2089 3182 2416 3259 adhibent,
2467 3181 2578 3245 cfr.
2626 3179 2889 3244 Schmid

442 3310 573 3371 Att.
623 3308 714 3369 IV
764 3307 941 3386 608.)

620 3428 763 3515 παρ’
811 3428 954 3517 ἡμῖν
1002 3434 1171 3509 243..

620 3558 678 3620 4.
729 3552 1016 3639 ὲρὺσαντο
1071 3560 1256 3635 16,16
1308 3584 1390 3611 =
1447 3578 1637 3622 «man
1684 3558 2007 3627 befreite».

1472 3704 1576 3766 De
1619 3704 1850 3767 duali.

616 3826 809 3890 Hunc
856 3846 1200 3892 numerum
1249 3828 1401 3893 inde
1445 3849 1483 3892 a
1528 3830 1715 3894 tertio
1760 3850 1817 3893 a.
1866 3830 2009 3893 Chr.
2062 3851 2127 3893 n.
2176 3829 2303 3893 fere
2349 3830 2595 3893 saeculo
2641 3829 2711 3893 in
2756 3849 2882 3892 ora-

437 3951 609 4014 tione
655 3952 860 4016 soluta
915 3954 1097 4034 quasi
1152 3954 1543 4019 intercidisse
1603 3960 1866 4032 constat,
1928 3975 2077 4018 cum
2137 3955 2309 4037 apud
2369 3958 2585 4036 poetas
2640 3955 2883 4038 diutius

437 4082 717 4140 servatus
766 4098 897 4141 esse
942 4075 1279 4143 videatur.²

615 4225 631 4256 ¹
671 4220 713 4293 ἡ
738 4226 864 4281 παῖς
905 4241 964 4263 --.-
989 4235 1198 4273 «uxor»
1223 4220 1341 4274 Nic.
1362 4222 1522 4274 Dam.
1545 4222 1617 4275 de
1641 4220 1796 4275 Julia
1820 4220 2105 4289 Agrippae
2142 4220 2393 4289 coniuge,
2432 4221 2533 4287 frg.
2574 4225 2623 4289 3,
2662 4237 2753 4288 pg.
2776 4223 2881 4275 350

435 4318 688 4372 Mueller.

614 4420 635 4453 ²
673 4417 849 4480 Keck‚
890 4416 1059 4470 Beitr.
1099 4434 1144 4469 z.
1171 4416 1302 4471 hist.
1335 4418 1490 4486 Synt.
1527 4418 1580 4471 d.
1605 4434 1687 4485 gr.
1728 4419 1849 4484 Spr.
1876 4418 1905 4470 I
1934 4423 1965 4470 2
2004 4434 2217 4472 annum
2256 4421 2355 4471 321
2398 4420 2714 4471 extremum
2753 4432 2878 4470 con·

433 4514 636 4584 stituit,
673 4531 784 4583 quo
821 4532 934 4583 qua
969 4515 1154 4571 dualis
1191 4517 1373 4571 forma
1408 4518 1563 4584 apud
1599 4521 1853 4571 oratores
1894 4520 2095 4571 exstat.
