3342 5067
441 476 608 553 15‚7.
707 478 872 552 11,6.
955 476 1170 553 33,19.
1258 479 1469 554 22,11.
1560 477 1731 553 42‚1.
1806 478 2018 553 43,11.
2089 477 2301 553 20,16.
2391 480 2608 555 42,12.
2678 480 2875 556 42,19

433 599 756 679 (πολλάκις
799 600 1012 680 deest).
1103 600 1278 679 (Con.
1331 602 1388 663 4.
1442 602 1524 663 23
1573 601 1690 664 bis.
1742 602 1854 675 24;
1904 601 1983 664 de
2028 601 2290 683 μάλιστα
2337 623 2393 663 v.
2443 623 2547 683 pg.
2597 602 2727 677 39.)

617 725 950 809 μεγάλως
996 722 1264 805 ἀλγεινόν
1310 724 1466 789 dicit
1513 726 1662 802 43‚9
1727 725 1865 805 (qui
1911 724 2085 788 locus
2148 726 2229 788 ab
2273 728 2592 789 Herchero
2650 728 2877 791 misere

435 858 766 931 corruptus
811 849 984 929 erat).
1061 852 1202 913 Hoc
1245 850 1616 914 adverbium
1664 870 1812 913 cum
1860 851 2125 913 omnino
2161 871 2373 915 rarum
2421 853 2521 929 sit,
2570 853 2876 917 adiectivo

435 975 558 1053 (vel
618 973 938 1055 adverbio)
995 975 1312 1039 adiectum
1369 995 1498 1038 non
1560 980 1769 1039 exstat
1831 975 1957 1038 nisi
2017 975 2189 1059 apud
2250 978 2444 1039 Hom.
2491 978 2569 1039 11.
2634 976 2868 1054 17‚723

437 1093 538 1183 ὕψι
583 1098 754 1183 μάλα
785 1100 1070 1183 μεγάλως
1102 1106 1166 1164 et
1195 1099 1590 1163 Herodotum
1620 1100 1652 1161 I
1687 1102 1728 1163 4
1766 1092 2073 1183 ι’Έλληνες
2120 1099 2403 1182 μεγάλως
2436 1095 2664 1171 αἰτίους
2710 1106 2877 1180 γενέ-

438 1224 610 1297 σθαι,
668 1226 794 1289 VII
846 1226 971 1287 190
1035 1222 1318 1309 μεγάλως
1361 1224 1598 1308 χρηστὴ
1663 1219 1917 1302 ἐγένετο.
2008 1224 2183 1303 (Her.
2233 1225 2351 1288 hoc
2406 1225 2547 1289 adv.
2593 1225 2869 1303 adamat,

436 1352 545 1415 cfr.
592 1352 625 1414 Ι
677 1353 776 1414 16.
827 1352 931 1414 30.
984 1351 1086 1414 58.
1142 1351 1286 1413 118.
1343 1350 1486 1427 167,
1535 1350 1757 1411 ΙΙ29.
1816 1350 1939 1412 124
1987 1348 2130 1429 etc.)

611 1478 763 1559 μὲν;
815 1478 922 1559 μέν
967 1508 1054 1519 --
1102 1472 1170 1537 δέ
1215 1473 1312 1537 bis
1357 1474 1428 1537 in
1460 1473 1683 1537 eadem
1730 1475 2047 1538 sententia
2087 1476 2191 1551 22,
2243 1475 2483 1537 9-11.
2534 1476 2637 1552 34,
2676 1478 2867 1549 6-8;

437 1606 542 1683 μέν
589 1600 793 1663 solum
829 1598 896 1663 δέ
926 1620 1056 1664 non
1088 1604 1418 1680 sequente:
1469 1600 1604 1675 9,9;
1655 1598 1763 1682 μὲν
1795 1601 1911 1681 γάρ
1968 1600 2133 1675 18,4.
2187 1597 2399 1676 22,17.
2452 1600 2626 1677 43,5.
2693 1599 2871 1679 (32,5

433 1748 483 1789 c.
535 1726 724 1789 Mein.
777 1723 884 1809 μέν
940 1723 1353 1788 inserendum
1400 1742 1534 1786 esse
1595 1691 1936 1786 verisimile
1995 1729 2090 1786 est
2148 1730 2213 1787 et
2256 1724 2869 1807 interpungendum:

435 1854 774 1935 κατείχετο·
833 1843 941 1912 καὶ
1000 1846 1152 1920 τέως
1210 1849 1318 1932 μὲν
1371 1846 1530 1927 κτλ.)
1591 1852 1701 1931 μὲν
1760 1882 1849 1892 -
1874 1922 1881 1929 ,
1910 1854 2129 1932 μέντοι,
2186 1850 2358 1930 quod
2404 1850 2599 1914 Attici
2652 1871 2873 1915 omnes

433 1976 702 2040 habent:
756 1978 969 2053 11‚16.
1028 1974 1196 2052 19,7.
1249 1976 1463 2051 34‚21.
1515 1975 1731 2052 36,16.
1783 1976 2001 2047 41,16.
2050 1975 2265 2051 44,18.

607 2106 733 2163 νῦν
782 2102 954 2176 42,2.
1007 2100 1200 2177 49,19
1251 2126 1334 2151 =
1389 2099 1528 2163 «his
1573 2099 1947 2178 (Parthenii)
1990 2098 2447 2181 temporibus».

609 2218 837 2287 οἱονεί
883 2226 989 2301 5,9
1055 2252 1134 2277 =
1206 2225 1476 2287 «veluti»
1542 2225 1695 2289 inde
1748 2225 1829 2288 ab
1876 2225 2229 2308 Aristotelis
2282 2231 2486 2289 aetate
2539 2202 2867 2291 usitatum.

430 2350 686 2413 Aristot.
737 2370 951 2431 saepe;
999 2349 1131 2413 Pol.
1189 2353 1242 2413 1.
1275 2352 1354 2413 ’3.
1407 2352 1466 2413 4.
2090 2330 2094 2335 ’

607 2468 734 2536 ὁτὲ
779 2478 888 2557 μέν
936 2508 1022 2519 ——
1068 2468 1166 2537 ὁτὲ
1215 2472 1281 2537 δέ
1333 2477 1527 2553 42,18
1573 2475 1947 2539 recentiores
1991 2474 2301 2539 adhibent
2330 2474 2482 2539 inde
2526 2475 2608 2538 ab
2639 2476 2870 2538 Aristo-

428 2599 571 2663 telis
616 2605 836 2663 aetate.
917 2600 1122 2681 Apoll.
1157 2600 1280 2665 Rh.
1331 2585 1572 2677 3,1'300
1617 2601 1750 2679 (cfr.
1791 2602 1985 2664 Hom.
2027 2594 2129 2662 ὁτέ
2169 2636 2245 2643 -
2298 2598 2551 2679 ἄλλοτε;
2600 2601 2871 2665 Kiihner

428 2727 496 2789 11
544 2725 717 2804 781).
812 2726 956 2787 ποτέ
1011 2760 1083 2770 -
1139 2730 1282 2789 ποτε
1332 2728 1435 2804 26,
1488 2728 1590 2789 20.

607 2848 802 2913 ἔστιν
849 2844 968 2912 ὅτε
1018 2851 1214 2927 21,14
1258 2850 1392 2928 (cfr.
1439 2872 1540 2933 pg.
1595 2851 1677 2928 3),
1731 2852 1925 2927 29,15
1972 2851 2276 2914 Atticum.

608 2968 864 3044 οὖτωςε
917 2976 1064 3052 24,3
1131 2974 1212 3038 ad
1258 2975 1591 3055 sequentia
1635 2981 1895 3056 spectat.
1988 2974 2369 3055 Plerumque
2432 2974 2869 3037 antecedentia

430 3100 1053 3181 comprehenduntur
1081 3122 1193 3183 per
1230 3100 1335 3163 καὶ
1367 3094 1558 3170 οὕτως
1591 3127 1675 3151 ---
1715 3095 1921 3162 «εἶτα»
1957 3110 2070 3162 aut
2103 3128 2183 3153 -=-
2220 3099 2362 3161 «διὰ
2405 3107 2616 3162 τοῦτο»
2670 3102 2864 3177 31,16

429 3225 509 3287 al.
575 3223 708 3302 (cfr.
767 3225 1072 3289 Herodoti
1127 3219 1319 3295 οὕτως
1379 3224 1456 3309 δή
1520 3226 1553 3288 Ι
1611 3228 1714 3288 56.
1775 3227 1877 3289 62.
1940 3227 2043 3288 64.
2104 3226 2207 3289 87.
2271 3223 2416 3288 171.
2490 3227 2610 3289 123
2676 3226 2755 3287 al.
2805 3246 2862 3288 v.

429 3350 702 3413 Meinek.
753 3350 833 3414 ad
881 3351 1131 3430 333,4);
1179 3352 1261 3414 ad
1305 3351 1717 3438 participium
1764 3371 1947 3432 saepe
1990 3350 2247 3414 accedit.

602 3475 668 3538 τὸ
733 3476 841 3559 μὲν
888 3479 1302 3559 παραυτίκα
1350 3444 1545 3552 36,16
1607 3475 2039 3539 Herodoteum
2104 3476 2161 3555 (I
2221 3477 2321 3552 19,
2370 3476 2496 3538 VII
2548 3475 2722 3552 137);
2787 3475 2866 3537 de

429 3604 714 3683 πρότερον
777 3605 883 3683 μέν
949 3635 1030 3647 -
1092 3595 1335 3684 ὕστερον
1403 3600 1491 3674 δέ,
1555 3610 1788 3683 πρῶτον
1847 3605 1953 3683 μὲν
2008 3634 2097 3644 -
2153 3600 2240 3675 δέ,
2296 3604 2447 3672 τέως
2503 3602 2611 3684 μέν
2666 3634 2733 3645 —-
2797 3598 2865 3663 δέ

425 3725 533 3788 cfr.
581 3746 681 3808 pg.
720 3727 758 3788 6
807 3732 869 3788 et
916 3728 1018 3790 64.

601 3846 710 3911 τε1
760 3876 841 3901 =
891 3853 997 3913 καί
1041 3850 1281 3933 ubique
1325 3856 1558 3926 exstat3
1622 3872 1735 3933 per
1780 3873 1842 3913 τε
1892 3870 2066 3915 voces
2121 3851 2593 3931 coniunguntur
2650 3850 2863 3926 16,20.

609 4104 626 4136 ¹
664 4100 1031 4153 Parthenium
1055 4099 1302 4154 nobilius
1322 4101 1607 4168 quoddam
1629 4099 1746 4153 stili
1770 4115 1948 4167 genus
1968 4100 2127 4166 sequi
2153 4099 2243 4152 vel
2270 4114 2341 4152 ex
2367 4113 2434 4151 eo
2461 4098 2630 4151 modo
2649 4098 2865 4151 intelle-

427 4198 589 4265 gitur,
628 4198 908 4264 quomodo
955 4215 1080 4253 cum
1118 4198 1417 4266 participia
1456 4204 1576 4253 tum
1616 4198 1939 4266 particulas,
1984 4217 2037 4251 τε
2094 4197 2185 4250 καί
2232 4197 2551 4265 praecipue,
2615 4195 2864 4262 adhibet,

425 4296 577 4348 unde
614 4298 907 4351 enuntiata
942 4298 1501 4365 comprehenduntur
1536 4313 1602 4351 ac
1638 4297 1759 4351 veri
1792 4297 2090 4351 verborum
2117 4296 2381 4350 circuitus
2406 4295 2584 4347 artius
2620 4293 2767 4347 inter
2804 4310 2866 4347 se

425 4394 792 4449 cohaerentes
837 4395 1101 4459 evadunt,
1153 4397 1348 4461 quales
1395 4397 1546 4463 apud
1588 4395 1935 4449 Antoninum
1975 4394 2292 4448 Liberalem
2342 4393 2552 4447 frustra
2602 4406 2863 4457 quaeras3

422 4492 516 4545 hic
567 4490 720 4545 enim
763 4493 1092 4547 coordinare
1142 4494 1335 4547 omnia
1389 4509 1456 4547 ac
1504 4492 1819 4547 dissolvere
1874 4494 2194 4559 consuevit,
2245 4510 2298 4543 τε
2350 4504 2579 4557 perraro
2630 4487 2867 4543 adhibet
