<?xml version="1.0" encoding="UTF-8"?>
<!DOCTYPE html PUBLIC "-//W3C//DTD XHTML 1.0 Transitional//EN"
    "http://www.w3.org/TR/xhtml1/DTD/xhtml1-transitional.dtd">
<html xmlns="http://www.w3.org/1999/xhtml" xml:lang="en" lang="en">
 <head>
  <title>
</title>
<meta http-equiv="Content-Type" content="text/html;charset=utf-8" />
  <meta name='ocr-system' content='tesseract 3.04.00' />
  <meta name='ocr-capabilities' content='ocr_page ocr_carea ocr_par ocr_line ocrx_word'/>
</head>
<body>
  <div class='ocr_page' id='page_1' title='image "./partheniusnicae00schgoog_0078.png"; bbox 0 0 3342 5067; ppageno 0'>
   <div class='ocr_carea' id='block_1_1' title="bbox 1499 279 1941 339">
    <p class='ocr_par' dir='ltr' id='par_1_1' title="bbox 1499 279 1941 339">
     <span class='ocr_line' id='line_1_1' title="bbox 1499 279 1941 339; baseline 0 -18"><span class='ocrx_word' id='word_1_1' title='bbox 1499 279 1941 339; x_wconf 71' lang='grc'><strong>-66-</strong></span> 
     </span>
    </p>
   </div>
   <div class='ocr_carea' id='block_1_2' title="bbox 497 465 2953 2691">
    <p class='ocr_par' dir='ltr' id='par_1_2' title="bbox 503 465 2947 682">
     <span class='ocr_line' id='line_1_2' title="bbox 503 465 2947 559; baseline -0.001 -23"><span class='ocrx_word' id='word_1_2' title='bbox 503 475 688 550; x_wconf 83' lang='grc'><strong>32,21</strong></span> <span class='ocrx_word' id='word_1_3' title='bbox 745 480 818 556; x_wconf 80' lang='grc' dir='ltr'>τῇ</span> <span class='ocrx_word' id='word_1_4' title='bbox 870 467 924 536; x_wconf 80' lang='grc' dir='ltr'>δ’</span> <span class='ocrx_word' id='word_1_5' title='bbox 958 468 1210 557; x_wconf 79' lang='grc' dir='ltr'>ἐπιοὺσῃ</span> <span class='ocrx_word' id='word_1_6' title='bbox 1263 475 1459 551; x_wconf 83' lang='lat'>20,22</span> <span class='ocrx_word' id='word_1_7' title='bbox 1507 474 1596 551; x_wconf 85' lang='lat' dir='ltr'>(at</span> <span class='ocrx_word' id='word_1_8' title='bbox 1621 474 1815 551; x_wconf 80' lang='lat'>48‚15</span> <span class='ocrx_word' id='word_1_9' title='bbox 1866 472 1933 535; x_wconf 84' lang='grc' dir='ltr'>δὲ</span> <span class='ocrx_word' id='word_1_10' title='bbox 1980 467 2394 559; x_wconf 78' lang='grc' dir='ltr'>ὲσφαγιάσθη,</span> <span class='ocrx_word' id='word_1_11' title='bbox 2447 473 2641 550; x_wconf 86' lang='grc'>49,15</span> <span class='ocrx_word' id='word_1_12' title='bbox 2690 470 2758 534; x_wconf 86' lang='grc' dir='ltr'>δὲ</span> <span class='ocrx_word' id='word_1_13' title='bbox 2792 465 2947 554; x_wconf 80' lang='grc' dir='ltr'>Ἀρ-</span> 
     </span>
     <span class='ocr_line' id='line_1_3' title="bbox 503 598 995 682; baseline 0.002 -23"><span class='ocrx_word' id='word_1_14' title='bbox 503 598 826 682; x_wconf 78' lang='grc' dir='ltr'>γανθώνης</span> <span class='ocrx_word' id='word_1_15' title='bbox 869 599 995 677; x_wconf 81' lang='lat' dir='ltr'>aL).</span> 
     </span>
    </p>

    <p class='ocr_par' dir='ltr' id='par_1_3' title="bbox 500 718 2948 935">
     <span class='ocr_line' id='line_1_4' title="bbox 677 718 2948 805; baseline -0.002 -18"><span class='ocrx_word' id='word_1_16' title='bbox 677 724 732 802; x_wconf 86' lang='lat' dir='ltr'>o)</span> <span class='ocrx_word' id='word_1_17' title='bbox 777 724 948 805; x_wconf 80' lang='lat' dir='ltr'>apud</span> <span class='ocrx_word' id='word_1_18' title='bbox 1023 720 1212 787; x_wconf 76' lang='grc' dir='ltr'>ἀλλάε</span> <span class='ocrx_word' id='word_1_19' title='bbox 1293 718 1434 787; x_wconf 78' lang='grc' dir='ltr'>ἀλλ’</span> <span class='ocrx_word' id='word_1_20' title='bbox 1507 718 1853 795; x_wconf 84' lang='grc' dir='ltr'>Ἀσσάονος</span> <span class='ocrx_word' id='word_1_21' title='bbox 1924 726 2118 803; x_wconf 83' lang='grc'><strong>46,22</strong></span> <span class='ocrx_word' id='word_1_22' title='bbox 2195 723 2521 803; x_wconf 86' lang='lat' dir='ltr'>(Heroher.</span> <span class='ocrx_word' id='word_1_23' title='bbox 2577 722 2717 787; x_wconf 85' lang='lat' dir='ltr'>vult</span> <span class='ocrx_word' id='word_1_24' title='bbox 2785 719 2948 785; x_wconf 81' lang='grc' dir='ltr'>ἀλλὰ</span> 
     </span>
     <span class='ocr_line' id='line_1_5' title="bbox 500 835 2491 935; baseline 0.002 -26"><span class='ocrx_word' id='word_1_25' title='bbox 500 844 758 924; x_wconf 86' lang='grc' dir='ltr'>Σάονος;</span> <span class='ocrx_word' id='word_1_26' title='bbox 808 849 918 911; x_wconf 83' lang='lat' dir='ltr'>cfr.</span> <span class='ocrx_word' id='word_1_27' title='bbox 967 847 1160 926; x_wconf 88' lang='lat'>47‚17</span> <span class='ocrx_word' id='word_1_28' title='bbox 1211 845 1376 910; x_wconf 86' lang='grc' dir='ltr'>ἀλλὰ</span> <span class='ocrx_word' id='word_1_29' title='bbox 1425 835 1701 934; x_wconf 78' lang='grc' dir='ltr'>Ἑλένης,</span> <span class='ocrx_word' id='word_1_30' title='bbox 1752 844 1993 927; x_wconf 73' lang='lat' dir='ltr'>49¹⁸l19</span> <span class='ocrx_word' id='word_1_31' title='bbox 2044 846 2209 911; x_wconf 81' lang='grc' dir='ltr'>ἀλλὰ</span> <span class='ocrx_word' id='word_1_32' title='bbox 2252 844 2491 935; x_wconf 76' lang='grc' dir='ltr'>ἦλθεν).</span> 
     </span>
    </p>

    <p class='ocr_par' dir='ltr' id='par_1_4' title="bbox 677 968 2096 1053">
     <span class='ocr_line' id='line_1_6' title="bbox 677 968 2096 1053; baseline 0 -16"><span class='ocrx_word' id='word_1_33' title='bbox 677 974 743 1052; x_wconf 90' lang='lat' dir='ltr'>d)</span> <span class='ocrx_word' id='word_1_34' title='bbox 788 968 929 1037; x_wconf 74' lang='grc' dir='ltr'>ἔσθ’</span> <span class='ocrx_word' id='word_1_35' title='bbox 978 968 1077 1036; x_wconf 75' lang='grc' dir='ltr'>ὅτε</span> <span class='ocrx_word' id='word_1_36' title='bbox 1129 975 1323 1053; x_wconf 83' lang='lat'>21,13</span> <span class='ocrx_word' id='word_1_37' title='bbox 1371 975 1460 1052; x_wconf 85' lang='lat' dir='ltr'>(at</span> <span class='ocrx_word' id='word_1_38' title='bbox 1503 972 1664 1037; x_wconf 78' lang='grc' dir='ltr'>ἔστιν</span> <span class='ocrx_word' id='word_1_39' title='bbox 1710 968 1809 1037; x_wconf 72' lang='grc' dir='ltr'>ὅτε</span> <span class='ocrx_word' id='word_1_40' title='bbox 1856 975 2096 1053; x_wconf 85' lang='grc'>29,15).</span> 
     </span>
    </p>

    <p class='ocr_par' dir='ltr' id='par_1_5' title="bbox 501 1092 2945 1310">
     <span class='ocr_line' id='line_1_7' title="bbox 677 1092 2945 1183; baseline -0.001 -21"><span class='ocrx_word' id='word_1_41' title='bbox 677 1100 883 1163; x_wconf 82' lang='lat' dir='ltr'>Crasi</span> <span class='ocrx_word' id='word_1_42' title='bbox 929 1100 1134 1163; x_wconf 88' lang='lat' dir='ltr'>utitur</span> <span class='ocrx_word' id='word_1_43' title='bbox 1177 1101 1557 1163; x_wconf 83' lang='lat' dir='ltr'>Parthenius</span> <span class='ocrx_word' id='word_1_44' title='bbox 1617 1101 1679 1178; x_wconf 88' lang='lat' dir='ltr'>a)</span> <span class='ocrx_word' id='word_1_45' title='bbox 1722 1101 1893 1181; x_wconf 84' lang='lat' dir='ltr'>apud</span> <span class='ocrx_word' id='word_1_46' title='bbox 1940 1100 2307 1163; x_wconf 82' lang='lat' dir='ltr'>articulum:</span> <span class='ocrx_word' id='word_1_47' title='bbox 2375 1092 2683 1183; x_wconf 67' lang='grc' dir='ltr'>τ’ἀδελφῷ</span> <span class='ocrx_word' id='word_1_48' title='bbox 2736 1100 2945 1175; x_wconf 81' lang='lat'>11‚22.</span> 
     </span>
     <span class='ocr_line' id='line_1_8' title="bbox 501 1219 2738 1310; baseline 0 -23"><span class='ocrx_word' id='word_1_49' title='bbox 501 1226 680 1303; x_wconf 87' lang='lat'>45,5;</span> <span class='ocrx_word' id='word_1_50' title='bbox 735 1227 879 1301; x_wconf 85' lang='lat'>16,4</span> <span class='ocrx_word' id='word_1_51' title='bbox 929 1219 1266 1310; x_wconf 81' lang='grc' dir='ltr'>τ’ὂιρχαῖον,</span> <span class='ocrx_word' id='word_1_52' title='bbox 1323 1225 1497 1301; x_wconf 87' lang='grc'><strong>17,9;</strong></span> <span class='ocrx_word' id='word_1_53' title='bbox 1549 1219 1855 1308; x_wconf 79' lang='grc' dir='ltr'>τ’ἀνδρός;</span> <span class='ocrx_word' id='word_1_54' title='bbox 1912 1228 2057 1304; x_wconf 85' lang='grc'>12,3</span> <span class='ocrx_word' id='word_1_55' title='bbox 2106 1232 2169 1289; x_wconf 90' lang='lat' dir='ltr'>et</span> <span class='ocrx_word' id='word_1_56' title='bbox 2217 1226 2412 1304; x_wconf 85' lang='lat'>49‚23</span> <span class='ocrx_word' id='word_1_57' title='bbox 2461 1220 2738 1309; x_wconf 73' lang='grc' dir='ltr'>τοῦνομα.</span> 
     </span>
    </p>

    <p class='ocr_par' dir='ltr' id='par_1_6' title="bbox 505 1346 2949 1565">
     <span class='ocr_line' id='line_1_9' title="bbox 675 1346 2949 1432; baseline -0.001 -19"><span class='ocrx_word' id='word_1_58' title='bbox 675 1351 742 1428; x_wconf 87' lang='lat' dir='ltr'>b)</span> <span class='ocrx_word' id='word_1_59' title='bbox 786 1351 959 1432; x_wconf 85' lang='lat' dir='ltr'>apud</span> <span class='ocrx_word' id='word_1_60' title='bbox 1019 1353 1154 1414; x_wconf 74' lang='grc' dir='ltr'>καίε</span> <span class='ocrx_word' id='word_1_61' title='bbox 1215 1352 1364 1428; x_wconf 82' lang='grc'><strong>33,6</strong></span> <span class='ocrx_word' id='word_1_62' title='bbox 1415 1348 1542 1413; x_wconf 84' lang='grc' dir='ltr'>κάκ</span> <span class='ocrx_word' id='word_1_63' title='bbox 1598 1351 1831 1427; x_wconf 77' lang='grc' dir='ltr'>τοὺτου,</span> <span class='ocrx_word' id='word_1_64' title='bbox 1888 1354 2106 1429; x_wconf 84' lang='grc'>11,22;</span> <span class='ocrx_word' id='word_1_65' title='bbox 2170 1347 2355 1415; x_wconf 81' lang='grc' dir='ltr'>κάκεῖ</span> <span class='ocrx_word' id='word_1_66' title='bbox 2416 1350 2593 1427; x_wconf 88' lang='grc'><strong>10,7;</strong></span> <span class='ocrx_word' id='word_1_67' title='bbox 2657 1346 2949 1411; x_wconf 84' lang='grc' dir='ltr'>κάκεῖθεν</span> 
     </span>
     <span class='ocr_line' id='line_1_10' title="bbox 505 1474 2943 1565; baseline -0 -28"><span class='ocrx_word' id='word_1_68' title='bbox 505 1476 715 1551; x_wconf 85' lang='grc'><strong>12,16.</strong></span> <span class='ocrx_word' id='word_1_69' title='bbox 771 1474 938 1554; x_wconf 85' lang='grc'><strong>17,2.</strong></span> <span class='ocrx_word' id='word_1_70' title='bbox 2941 1562 2943 1565; x_wconf 8' lang='lat' dir='ltr'>y</span> 
     </span>
    </p>

    <p class='ocr_par' dir='ltr' id='par_1_7' title="bbox 500 1594 2951 1811">
     <span class='ocr_line' id='line_1_11' title="bbox 675 1594 2951 1687; baseline -0.001 -22"><span class='ocrx_word' id='word_1_71' title='bbox 675 1602 731 1680; x_wconf 88' lang='lat' dir='ltr'>o)</span> <span class='ocrx_word' id='word_1_72' title='bbox 775 1602 947 1683; x_wconf 79' lang='lat' dir='ltr'>apud</span> <span class='ocrx_word' id='word_1_73' title='bbox 994 1604 1141 1684; x_wconf 67' lang='grc' dir='ltr'>πρός</span> <span class='ocrx_word' id='word_1_74' title='bbox 1196 1604 1341 1681; x_wconf 87' lang='grc'><strong>18,8</strong></span> <span class='ocrx_word' id='word_1_75' title='bbox 1389 1598 1801 1687; x_wconf 70' lang='grc' dir='ltr'>προῦπεμπενς</span> <span class='ocrx_word' id='word_1_76' title='bbox 1854 1603 2049 1681; x_wconf 84' lang='lat'>36,18</span> <span class='ocrx_word' id='word_1_77' title='bbox 2082 1594 2522 1685; x_wconf 73' lang='grc' dir='ltr'>προῦτρὲψατος</span> <span class='ocrx_word' id='word_1_78' title='bbox 2576 1599 2725 1677; x_wconf 87' lang='grc'><strong>38,7</strong></span> <span class='ocrx_word' id='word_1_79' title='bbox 2764 1594 2951 1683; x_wconf 72' lang='grc' dir='ltr'>προῦ-</span> 
     </span>
     <span class='ocr_line' id='line_1_12' title="bbox 500 1726 1588 1811; baseline 0 -21"><span class='ocrx_word' id='word_1_80' title='bbox 500 1729 696 1809; x_wconf 85' lang='grc' dir='ltr'>βαινεν</span> <span class='ocrx_word' id='word_1_81' title='bbox 741 1728 832 1807; x_wconf 84' lang='lat' dir='ltr'>(at</span> <span class='ocrx_word' id='word_1_82' title='bbox 879 1729 1074 1805; x_wconf 85' lang='lat'>32‚15</span> <span class='ocrx_word' id='word_1_83' title='bbox 1123 1726 1588 1811; x_wconf 84' lang='grc' dir='ltr'>προεδήλωσεν).</span> 
     </span>
    </p>

    <p class='ocr_par' dir='ltr' id='par_1_8' title="bbox 499 1852 2953 2313">
     <span class='ocr_line' id='line_1_13' title="bbox 675 1852 2951 1935; baseline -0.002 -18"><span class='ocrx_word' id='word_1_84' title='bbox 675 1856 850 1917; x_wconf 83' lang='lat' dir='ltr'>Haeo</span> <span class='ocrx_word' id='word_1_85' title='bbox 895 1853 1094 1917; x_wconf 85' lang='lat' dir='ltr'>codex</span> <span class='ocrx_word' id='word_1_86' title='bbox 1137 1854 1424 1929; x_wconf 84' lang='lat' dir='ltr'>exhibet3</span> <span class='ocrx_word' id='word_1_87' title='bbox 1476 1858 1792 1935; x_wconf 81' lang='lat' dir='ltr'>quantum</span> <span class='ocrx_word' id='word_1_88' title='bbox 1840 1852 2097 1916; x_wconf 85' lang='lat' dir='ltr'>librario</span> <span class='ocrx_word' id='word_1_89' title='bbox 2142 1852 2557 1916; x_wconf 85' lang='lat' dir='ltr'>tribuendum</span> <span class='ocrx_word' id='word_1_90' title='bbox 2604 1852 2705 1929; x_wconf 87' lang='lat' dir='ltr'>sit,</span> <span class='ocrx_word' id='word_1_91' title='bbox 2756 1870 2951 1933; x_wconf 84' lang='lat' dir='ltr'>quan-</span> 
     </span>
     <span class='ocr_line' id='line_1_14' title="bbox 499 1977 2952 2060; baseline -0.002 -17"><span class='ocrx_word' id='word_1_92' title='bbox 499 1986 637 2044; x_wconf 87' lang='lat' dir='ltr'>tum</span> <span class='ocrx_word' id='word_1_93' title='bbox 696 1980 990 2042; x_wconf 87' lang='lat' dir='ltr'>librarius</span> <span class='ocrx_word' id='word_1_94' title='bbox 1054 1979 1415 2059; x_wconf 77' lang='lat' dir='ltr'>neglexerit,</span> <span class='ocrx_word' id='word_1_95' title='bbox 1485 1979 1715 2060; x_wconf 88' lang='lat' dir='ltr'>nequit</span> <span class='ocrx_word' id='word_1_96' title='bbox 1776 1979 2073 2053; x_wconf 85' lang='lat' dir='ltr'>discerni;</span> <span class='ocrx_word' id='word_1_97' title='bbox 2146 1979 2469 2043; x_wconf 86' lang='lat' dir='ltr'>immerito</span> <span class='ocrx_word' id='word_1_98' title='bbox 2534 1983 2699 2041; x_wconf 84' lang='lat' dir='ltr'>certe</span> <span class='ocrx_word' id='word_1_99' title='bbox 2768 1977 2952 2041; x_wconf 86' lang='lat' dir='ltr'>auxit</span> 
     </span>
     <span class='ocr_line' id='line_1_15' title="bbox 499 2076 2953 2187; baseline -0.002 -19"><span class='ocrx_word' id='word_1_100' title='bbox 499 2106 793 2187; x_wconf 84' lang='lat' dir='ltr'>exempla</span> <span class='ocrx_word' id='word_1_101' title='bbox 847 2076 1162 2187; x_wconf 69' lang='lat' dir='ltr'>Heynius,</span> <span class='ocrx_word' id='word_1_102' title='bbox 1231 2124 1419 2183; x_wconf 89' lang='lat' dir='ltr'>quem</span> <span class='ocrx_word' id='word_1_103' title='bbox 1488 2109 1741 2167; x_wconf 85' lang='lat' dir='ltr'>secutus</span> <span class='ocrx_word' id='word_1_104' title='bbox 1800 2110 1895 2168; x_wconf 88' lang='lat' dir='ltr'>est</span> <span class='ocrx_word' id='word_1_105' title='bbox 1940 2105 2317 2181; x_wconf 85' lang='lat' dir='ltr'>Herche1·us,</span> <span class='ocrx_word' id='word_1_106' title='bbox 2384 2102 2463 2165; x_wconf 88' lang='lat' dir='ltr'>de</span> <span class='ocrx_word' id='word_1_107' title='bbox 2526 2122 2640 2166; x_wconf 90' lang='lat' dir='ltr'>suo</span> <span class='ocrx_word' id='word_1_108' title='bbox 2704 2121 2953 2183; x_wconf 82' lang='lat' dir='ltr'>semper</span> 
     </span>
     <span class='ocr_line' id='line_1_16' title="bbox 499 2227 2714 2313; baseline -0.002 -20"><span class='ocrx_word' id='word_1_109' title='bbox 499 2227 762 2313; x_wconf 82' lang='grc' dir='ltr'>κάπειδή</span> <span class='ocrx_word' id='word_1_110' title='bbox 811 2237 924 2294; x_wconf 85' lang='lat' dir='ltr'>eto.</span> <span class='ocrx_word' id='word_1_111' title='bbox 975 2230 1271 2293; x_wconf 78' lang='lat' dir='ltr'>scribens.</span> <span class='ocrx_word' id='word_1_112' title='bbox 1366 2229 1482 2307; x_wconf 90' lang='lat' dir='ltr'>(De</span> <span class='ocrx_word' id='word_1_113' title='bbox 1528 2230 1689 2293; x_wconf 86' lang='lat' dir='ltr'>crasi</span> <span class='ocrx_word' id='word_1_114' title='bbox 1732 2230 1844 2292; x_wconf 82' lang='lat' dir='ltr'>cfr.</span> <span class='ocrx_word' id='word_1_115' title='bbox 1896 2230 2162 2293; x_wconf 79' lang='lat' dir='ltr'>Sehmid</span> <span class='ocrx_word' id='word_1_116' title='bbox 2208 2231 2339 2293; x_wconf 89' lang='lat' dir='ltr'>Att.</span> <span class='ocrx_word' id='word_1_117' title='bbox 2388 2230 2491 2293; x_wconf 94' lang='lat' dir='ltr'>III</span> <span class='ocrx_word' id='word_1_118' title='bbox 2538 2227 2714 2304; x_wconf 85' lang='lat'>294.)</span> 
     </span>
    </p>

    <p class='ocr_par' dir='ltr' id='par_1_9' title="bbox 497 2353 2952 2691">
     <span class='ocr_line' id='line_1_17' title="bbox 676 2353 2952 2440; baseline -0.003 -21"><span class='ocrx_word' id='word_1_119' title='bbox 676 2354 738 2419; x_wconf 94' lang='grc' dir='ltr'><strong>Ν</strong></span> <span class='ocrx_word' id='word_1_120' title='bbox 798 2358 1335 2440; x_wconf 84' lang='lat' dir='ltr'>paragogicum</span> <span class='ocrx_word' id='word_1_121' title='bbox 1400 2360 1550 2419; x_wconf 83' lang='lat' dir='ltr'>ante</span> <span class='ocrx_word' id='word_1_122' title='bbox 1613 2356 1857 2419; x_wconf 85' lang='lat' dir='ltr'>vocales</span> <span class='ocrx_word' id='word_1_123' title='bbox 1903 2377 2153 2437; x_wconf 80' lang='lat' dir='ltr'>semper</span> <span class='ocrx_word' id='word_1_124' title='bbox 2220 2356 2517 2430; x_wconf 84' lang='lat' dir='ltr'>adicitur;</span> <span class='ocrx_word' id='word_1_125' title='bbox 2590 2353 2952 2417; x_wconf 81' lang='lat' dir='ltr'>admittitur</span> 
     </span>
     <span class='ocr_line' id='line_1_18' title="bbox 497 2478 2951 2559; baseline -0.003 -14"><span class='ocrx_word' id='word_1_126' title='bbox 497 2484 689 2547; x_wconf 87' lang='lat' dir='ltr'>etiam</span> <span class='ocrx_word' id='word_1_127' title='bbox 749 2490 898 2547; x_wconf 85' lang='lat' dir='ltr'>ante</span> <span class='ocrx_word' id='word_1_128' title='bbox 958 2483 1262 2547; x_wconf 86' lang='lat' dir='ltr'>dentales:</span> <span class='ocrx_word' id='word_1_129' title='bbox 1337 2481 1506 2558; x_wconf 89' lang='lat'>7,11.</span> <span class='ocrx_word' id='word_1_130' title='bbox 1567 2479 1739 2558; x_wconf 90' lang='lat'>7,14.</span> <span class='ocrx_word' id='word_1_131' title='bbox 1799 2483 1970 2557; x_wconf 86' lang='lat'>8‚12.</span> <span class='ocrx_word' id='word_1_132' title='bbox 2034 2482 2247 2559; x_wconf 90' lang='grc'><strong>16,16.</strong></span> <span class='ocrx_word' id='word_1_133' title='bbox 2306 2480 2475 2558; x_wconf 86' lang='grc'>48,8,</span> <span class='ocrx_word' id='word_1_134' title='bbox 2544 2478 2741 2542; x_wconf 82' lang='lat' dir='ltr'>semel</span> <span class='ocrx_word' id='word_1_135' title='bbox 2803 2483 2951 2540; x_wconf 83' lang='lat' dir='ltr'>ante</span> 
     </span>
     <span class='ocr_line' id='line_1_19' title="bbox 497 2606 1748 2691; baseline -0.002 -20"><span class='ocrx_word' id='word_1_136' title='bbox 497 2608 913 2689; x_wconf 89' lang='lat' dir='ltr'>gutturalem:</span> <span class='ocrx_word' id='word_1_137' title='bbox 967 2607 1162 2685; x_wconf 87' lang='lat'>47‚17</span> <span class='ocrx_word' id='word_1_138' title='bbox 1214 2607 1395 2691; x_wconf 79' lang='grc' dir='ltr'>φησὶν</span> <span class='ocrx_word' id='word_1_139' title='bbox 1441 2606 1748 2687; x_wconf 78' lang='grc' dir='ltr'>γενέσθαι.</span> 
     </span>
    </p>
   </div>
   <div class='ocr_carea' id='block_1_3' title="bbox 1513 2860 1941 2875">
    <p class='ocr_par' dir='ltr' id='par_1_10' title="bbox 1513 2860 1941 2875">
     <span class='ocr_line' id='line_1_20' title="bbox 1513 2860 1941 2875; baseline 0 2192"><span class='ocrx_word' id='word_1_140' title='bbox 1513 2860 1941 2875; x_wconf 95' lang='lat' dir='ltr'> </span> 
     </span>
    </p>
   </div>
   <div class='ocr_carea' id='block_1_4' title="bbox 1335 3065 2114 3197">
    <p class='ocr_par' dir='ltr' id='par_1_11' title="bbox 1335 3065 2114 3197">
     <span class='ocr_line' id='line_1_21' title="bbox 1335 3065 2114 3197; baseline 0 -29"><span class='ocrx_word' id='word_1_141' title='bbox 1335 3066 1414 3168; x_wconf 90' lang='grc' dir='ltr'>Ι.</span> <span class='ocrx_word' id='word_1_142' title='bbox 1480 3066 1636 3168; x_wconf 90' lang='lat' dir='ltr'>De</span> <span class='ocrx_word' id='word_1_143' title='bbox 1706 3065 2114 3197; x_wconf 77' lang='lat' dir='ltr'>TropiS.</span> 
     </span>
    </p>
   </div>
   <div class='ocr_carea' id='block_1_5' title="bbox 1616 3245 1830 3260">
    <p class='ocr_par' dir='ltr' id='par_1_12' title="bbox 1616 3245 1830 3260">
     <span class='ocr_line' id='line_1_22' title="bbox 1616 3245 1830 3260; baseline 0 1807"><span class='ocrx_word' id='word_1_144' title='bbox 1616 3245 1830 3260; x_wconf 95' lang='lat' dir='ltr'> </span> 
     </span>
    </p>
   </div>
   <div class='ocr_carea' id='block_1_6' title="bbox 488 3335 2953 4553">
    <p class='ocr_par' dir='ltr' id='par_1_13' title="bbox 495 3335 2951 3547">
     <span class='ocr_line' id='line_1_23' title="bbox 673 3335 2951 3434; baseline -0.002 -31"><span class='ocrx_word' id='word_1_145' title='bbox 673 3341 1113 3417; x_wconf 84' lang='lat' dir='ltr'>Parthenium,</span> <span class='ocrx_word' id='word_1_146' title='bbox 1180 3340 1294 3420; x_wconf 87' lang='lat' dir='ltr'>qui</span> <span class='ocrx_word' id='word_1_147' title='bbox 1351 3340 1612 3421; x_wconf 72' lang='lat' dir='ltr'>poeticis</span> <span class='ocrx_word' id='word_1_148' title='bbox 1657 3340 1932 3404; x_wconf 78' lang='lat' dir='ltr'>licentiis</span> <span class='ocrx_word' id='word_1_149' title='bbox 1978 3346 2310 3434; x_wconf 14' lang='lat' dir='ltr'>tamqu&#39;am</span> <span class='ocrx_word' id='word_1_150' title='bbox 2360 3338 2695 3414; x_wconf 90' lang='lat' dir='ltr'>helluetur,</span> <span class='ocrx_word' id='word_1_151' title='bbox 2754 3335 2951 3417; x_wconf 85' lang='lat' dir='ltr'>tropis</span> 
     </span>
     <span class='ocr_line' id='line_1_24' title="bbox 495 3462 2945 3547; baseline -0.002 -20"><span class='ocrx_word' id='word_1_152' title='bbox 495 3465 820 3529; x_wconf 86' lang='lat' dir='ltr'>abundare</span> <span class='ocrx_word' id='word_1_153' title='bbox 851 3466 1033 3529; x_wconf 86' lang='lat' dir='ltr'>facile</span> <span class='ocrx_word' id='word_1_154' title='bbox 1064 3465 1545 3529; x_wconf 77' lang='lat' dir='ltr'>existimaveris,</span> <span class='ocrx_word' id='word_1_155' title='bbox 1616 3468 1705 3529; x_wconf 92' lang='lat' dir='ltr'>At</span> <span class='ocrx_word' id='word_1_156' title='bbox 1732 3466 1963 3543; x_wconf 88' lang='lat' dir='ltr'>nullos,</span> <span class='ocrx_word' id='word_1_157' title='bbox 1998 3470 2174 3547; x_wconf 85' lang='lat' dir='ltr'>puto,</span> <span class='ocrx_word' id='word_1_158' title='bbox 2214 3464 2506 3528; x_wconf 84' lang='lat' dir='ltr'>invenias</span> <span class='ocrx_word' id='word_1_159' title='bbox 2536 3470 2783 3544; x_wconf 86' lang='lat' dir='ltr'>praeter</span> <span class='ocrx_word' id='word_1_160' title='bbox 2811 3462 2945 3523; x_wconf 85' lang='lat' dir='ltr'>hos.</span> 
     </span>
    </p>

    <p class='ocr_par' dir='ltr' id='par_1_14' title="bbox 488 3582 2953 4553">
     <span class='ocr_line' id='line_1_25' title="bbox 677 3582 2948 3673; baseline -0.002 -21"><span class='ocrx_word' id='word_1_161' title='bbox 677 3595 732 3653; x_wconf 94' lang='lat'>1.</span> <span class='ocrx_word' id='word_1_162' title='bbox 783 3591 1187 3654; x_wconf 83' lang='lat' dir='ltr'>Abstraeta</span> <span class='ocrx_word' id='word_1_163' title='bbox 1230 3591 1476 3653; x_wconf 86' lang='lat' dir='ltr'>multa</span> <span class='ocrx_word' id='word_1_164' title='bbox 1519 3612 1735 3672; x_wconf 84' lang='lat' dir='ltr'>agere</span> <span class='ocrx_word' id='word_1_165' title='bbox 1788 3592 2220 3673; x_wconf 87' lang='lat' dir='ltr'>finguntur,</span> <span class='ocrx_word' id='word_1_166' title='bbox 2287 3608 2451 3671; x_wconf 84' lang='lat' dir='ltr'>quae</span> <span class='ocrx_word' id='word_1_167' title='bbox 2496 3588 2775 3670; x_wconf 87' lang='lat' dir='ltr'>plurima</span> <span class='ocrx_word' id='word_1_168' title='bbox 2820 3582 2948 3648; x_wconf 84' lang='lat' dir='ltr'>iam</span> 
     </span>
     <span class='ocr_line' id='line_1_26' title="bbox 493 3687 2950 3799; baseline -0.002 -21"><span class='ocrx_word' id='word_1_169' title='bbox 493 3717 665 3797; x_wconf 84' lang='lat' dir='ltr'>apud</span> <span class='ocrx_word' id='word_1_170' title='bbox 716 3718 1084 3781; x_wconf 86' lang='lat' dir='ltr'>vetustiores</span> <span class='ocrx_word' id='word_1_171' title='bbox 1130 3734 1340 3795; x_wconf 86' lang='lat' dir='ltr'>neque</span> <span class='ocrx_word' id='word_1_172' title='bbox 1385 3715 1595 3779; x_wconf 89' lang='lat' dir='ltr'>solum</span> <span class='ocrx_word' id='word_1_173' title='bbox 1640 3716 1813 3798; x_wconf 85' lang='lat' dir='ltr'>apud</span> <span class='ocrx_word' id='word_1_174' title='bbox 1867 3722 2087 3799; x_wconf 69' lang='lat' dir='ltr'>poet-as</span> <span class='ocrx_word' id='word_1_175' title='bbox 2133 3716 2243 3779; x_wconf 85' lang='lat' dir='ltr'>sed</span> <span class='ocrx_word' id='word_1_176' title='bbox 2300 3716 2493 3778; x_wconf 86' lang='lat' dir='ltr'>etiam</span> <span class='ocrx_word' id='word_1_177' title='bbox 2541 3712 2710 3795; x_wconf 82' lang='lat' dir='ltr'>apud</span> <span class='ocrx_word' id='word_1_178' title='bbox 2760 3687 2950 3774; x_wconf 81' lang='lat' dir='ltr'>Hero·</span> 
     </span>
     <span class='ocr_line' id='line_1_27' title="bbox 493 3840 2953 3925; baseline -0.002 -21"><span class='ocrx_word' id='word_1_179' title='bbox 493 3842 736 3919; x_wconf 86' lang='lat' dir='ltr'>dotum,</span> <span class='ocrx_word' id='word_1_180' title='bbox 787 3844 1118 3907; x_wconf 83' lang='lat' dir='ltr'>Platonem</span> <span class='ocrx_word' id='word_1_181' title='bbox 1165 3849 1360 3921; x_wconf 85' lang='lat' dir='ltr'>atque</span> <span class='ocrx_word' id='word_1_182' title='bbox 1390 3840 1907 3924; x_wconf 87' lang='lat' dir='ltr'>Xenophontem,</span> <span class='ocrx_word' id='word_1_183' title='bbox 1958 3842 2060 3919; x_wconf 75' lang='lat' dir='ltr'>aL,</span> <span class='ocrx_word' id='word_1_184' title='bbox 2112 3840 2269 3925; x_wconf 80' lang='grc' dir='ltr'>ἔρως</span> <span class='ocrx_word' id='word_1_185' title='bbox 2314 3840 2721 3922; x_wconf 86' lang='lat' dir='ltr'>potissimum</span> <span class='ocrx_word' id='word_1_186' title='bbox 2755 3854 2953 3905; x_wconf 85' lang='lat' dir='ltr'>voees·</span> 
     </span>
     <span class='ocr_line' id='line_1_28' title="bbox 495 3964 2953 4052; baseline -0.001 -23"><span class='ocrx_word' id='word_1_187' title='bbox 495 3987 622 4048; x_wconf 90' lang='lat' dir='ltr'>que</span> <span class='ocrx_word' id='word_1_188' title='bbox 668 3968 866 4031; x_wconf 88' lang='lat' dir='ltr'>simili</span> <span class='ocrx_word' id='word_1_189' title='bbox 911 3971 1186 4049; x_wconf 88' lang='lat' dir='ltr'>notione,</span> <span class='ocrx_word' id='word_1_190' title='bbox 1236 3972 1316 4037; x_wconf 91' lang='lat' dir='ltr'>de</span> <span class='ocrx_word' id='word_1_191' title='bbox 1361 3971 1596 4052; x_wconf 86' lang='lat' dir='ltr'>quibus</span> <span class='ocrx_word' id='word_1_192' title='bbox 1641 3990 1745 4051; x_wconf 87' lang='lat' dir='ltr'>pg.</span> <span class='ocrx_word' id='word_1_193' title='bbox 1798 3970 1879 4031; x_wconf 83' lang='lat'>63</span> <span class='ocrx_word' id='word_1_194' title='bbox 1928 3968 2042 4047; x_wconf 87' lang='lat' dir='ltr'>egi.</span> <span class='ocrx_word' id='word_1_195' title='bbox 2136 3967 2463 4029; x_wconf 85' lang='lat' dir='ltr'>Praeterea</span> <span class='ocrx_word' id='word_1_196' title='bbox 2508 3986 2588 4028; x_wconf 92' lang='lat' dir='ltr'>ex</span> <span class='ocrx_word' id='word_1_197' title='bbox 2634 3964 2953 4028; x_wconf 86' lang='lat' dir='ltr'>Herodoto</span> 
     </span>
     <span class='ocr_line' id='line_1_29' title="bbox 491 4082 2949 4177; baseline -0.002 -22"><span class='ocrx_word' id='word_1_198' title='bbox 491 4094 841 4174; x_wconf 86' lang='lat' dir='ltr'>sumpsisse</span> <span class='ocrx_word' id='word_1_199' title='bbox 898 4096 1148 4159; x_wconf 88' lang='lat' dir='ltr'>videtur</span> <span class='ocrx_word' id='word_1_200' title='bbox 1201 4098 1383 4160; x_wconf 83' lang='lat' dir='ltr'>haec:</span> <span class='ocrx_word' id='word_1_201' title='bbox 1454 4095 1598 4172; x_wconf 86' lang='lat'>13‚7</span> <span class='ocrx_word' id='word_1_202' title='bbox 1657 4092 1755 4158; x_wconf 77' lang='grc' dir='ltr'>ἐπὶ</span> <span class='ocrx_word' id='word_1_203' title='bbox 1812 4092 2094 4157; x_wconf 86' lang='grc' dir='ltr'>πλεῖστον</span> <span class='ocrx_word' id='word_1_204' title='bbox 2149 4098 2431 4177; x_wconf 83' lang='grc' dir='ltr'>χωρῆσαι</span> <span class='ocrx_word' id='word_1_205' title='bbox 2487 4089 2673 4159; x_wconf 81' lang='grc' dir='ltr'>κλέος</span> <span class='ocrx_word' id='word_1_206' title='bbox 2738 4082 2949 4171; x_wconf 67' lang='grc' dir='ltr'>αὐτῆς,</span> 
     </span>
     <span class='ocr_line' id='line_1_30' title="bbox 490 4211 2947 4305; baseline -0.002 -27"><span class='ocrx_word' id='word_1_207' title='bbox 490 4218 640 4278; x_wconf 90' lang='lat' dir='ltr'>Her.</span> <span class='ocrx_word' id='word_1_208' title='bbox 691 4217 725 4280; x_wconf 96' lang='lat' dir='ltr'>I</span> <span class='ocrx_word' id='word_1_209' title='bbox 777 4219 900 4280; x_wconf 85' lang='lat'>122</span> <span class='ocrx_word' id='word_1_210' title='bbox 950 4223 1128 4303; x_wconf 78' lang='grc' dir='ltr'>φάτις</span> <span class='ocrx_word' id='word_1_211' title='bbox 1173 4224 1498 4305; x_wconf 84' lang='grc' dir='ltr'>κεχώρηκε</span> <span class='ocrx_word' id='word_1_212' title='bbox 1545 4220 1677 4297; x_wconf 87' lang='lat' dir='ltr'>(cfr.</span> <span class='ocrx_word' id='word_1_213' title='bbox 1727 4218 1993 4281; x_wconf 88' lang='lat' dir='ltr'>Homeri</span> <span class='ocrx_word' id='word_1_214' title='bbox 2039 4217 2225 4285; x_wconf 78' lang='grc' dir='ltr'>κλέος</span> <span class='ocrx_word' id='word_1_215' title='bbox 2271 4211 2519 4296; x_wconf 75' lang='grc' dir='ltr'>οὔρανον</span> <span class='ocrx_word' id='word_1_216' title='bbox 2565 4211 2706 4291; x_wconf 78' lang='grc' dir='ltr'>ἵκει,</span> <span class='ocrx_word' id='word_1_217' title='bbox 2766 4213 2947 4276; x_wconf 89' lang='lat' dir='ltr'>Pind.</span> 
     </span>
     <span class='ocr_line' id='line_1_31' title="bbox 492 4336 2946 4427; baseline -0.001 -25"><span class='ocrx_word' id='word_1_218' title='bbox 492 4342 587 4403; x_wconf 92' lang='lat' dir='ltr'>Ol.</span> <span class='ocrx_word' id='word_1_219' title='bbox 638 4344 671 4403; x_wconf 94' lang='lat' dir='ltr'>I</span> <span class='ocrx_word' id='word_1_220' title='bbox 718 4344 820 4419; x_wconf 84' lang='lat'>23,</span> <span class='ocrx_word' id='word_1_221' title='bbox 873 4344 1024 4407; x_wconf 87' lang='lat' dir='ltr'>Con.</span> <span class='ocrx_word' id='word_1_222' title='bbox 1062 4345 1125 4422; x_wconf 88' lang='lat'>8)</span> <span class='ocrx_word' id='word_1_223' title='bbox 1171 4347 1366 4421; x_wconf 87' lang='lat'>41,12</span> <span class='ocrx_word' id='word_1_224' title='bbox 1417 4346 1568 4413; x_wconf 85' lang='grc' dir='ltr'>τίσις</span> <span class='ocrx_word' id='word_1_225' title='bbox 1616 4340 1953 4427; x_wconf 73' lang='grc' dir='ltr'>ἐλάμβανεν</span> <span class='ocrx_word' id='word_1_226' title='bbox 1998 4338 2413 4425; x_wconf 77' lang='grc' dir='ltr'>(Τράμβηλον)</span> <span class='ocrx_word' id='word_1_227' title='bbox 2459 4336 2532 4402; x_wconf 81' lang='grc' dir='ltr'>ἐκ</span> <span class='ocrx_word' id='word_1_228' title='bbox 2564 4341 2749 4412; x_wconf 80' lang='grc' dir='ltr'>θεῶν,</span> <span class='ocrx_word' id='word_1_229' title='bbox 2798 4340 2946 4401; x_wconf 91' lang='lat' dir='ltr'>Her.</span> 
     </span>
     <span class='ocr_line' id='line_1_32' title="bbox 488 4463 2188 4553; baseline 0 -23"><span class='ocrx_word' id='word_1_230' title='bbox 488 4467 522 4530; x_wconf 95' lang='lat' dir='ltr'>I</span> <span class='ocrx_word' id='word_1_231' title='bbox 571 4470 716 4545; x_wconf 83' lang='lat'>34,1</span> <span class='ocrx_word' id='word_1_232' title='bbox 770 4464 954 4549; x_wconf 82' lang='grc' dir='ltr'>ἔλαβε</span> <span class='ocrx_word' id='word_1_233' title='bbox 1004 4466 1076 4532; x_wconf 82' lang='grc' dir='ltr'>ἐκ</span> <span class='ocrx_word' id='word_1_234' title='bbox 1125 4470 1276 4531; x_wconf 80' lang='grc' dir='ltr'>θεοῦ</span> <span class='ocrx_word' id='word_1_235' title='bbox 1325 4472 1562 4553; x_wconf 80' lang='grc' dir='ltr'>νέμεσις</span> <span class='ocrx_word' id='word_1_236' title='bbox 1609 4467 1849 4553; x_wconf 82' lang='grc' dir='ltr'>μεγάλη</span> <span class='ocrx_word' id='word_1_237' title='bbox 1897 4463 2188 4549; x_wconf 86' lang='grc' dir='ltr'>Κροῖσον.</span> 
     </span>
    </p>
   </div>
   <div class='ocr_carea' id='block_1_7' title="bbox 3313 348 3318 969">
    <p class='ocr_par' dir='ltr' id='par_1_15' title="bbox 3313 348 3318 969">
     <span class='ocr_line' id='line_1_33' title="bbox 3313 348 3318 969; baseline 0 0"><span class='ocrx_word' id='word_1_238' title='bbox 3313 348 3318 969; x_wconf 95' lang='lat' dir='ltr'> </span> 
     </span>
    </p>
   </div>
   <div class='ocr_carea' id='block_1_8' title="bbox 3308 2728 3323 5013">
    <p class='ocr_par' dir='ltr' id='par_1_16' title="bbox 3308 2728 3323 5013">
     <span class='ocr_line' id='line_1_34' title="bbox 3308 2728 3323 5013; baseline 0 0"><span class='ocrx_word' id='word_1_239' title='bbox 3308 2728 3323 5013; x_wconf 95' lang='lat' dir='ltr'> </span> 
     </span>
    </p>
   </div>
  </div>
 </body>
</html>
