<?xml version="1.0" encoding="UTF-8"?>
<!DOCTYPE html PUBLIC "-//W3C//DTD XHTML 1.0 Transitional//EN"
    "http://www.w3.org/TR/xhtml1/DTD/xhtml1-transitional.dtd">
<html xmlns="http://www.w3.org/1999/xhtml" xml:lang="en" lang="en">
 <head>
  <title>
</title>
<meta http-equiv="Content-Type" content="text/html;charset=utf-8" />
  <meta name='ocr-system' content='tesseract 3.04.00' />
  <meta name='ocr-capabilities' content='ocr_page ocr_carea ocr_par ocr_line ocrx_word'/>
</head>
<body>
  <div class='ocr_page' id='page_1' title='image "./partheniusnicae00schgoog_0054.png"; bbox 0 0 3342 5067; ppageno 0'>
   <div class='ocr_carea' id='block_1_1' title="bbox 1484 292 1923 357">
    <p class='ocr_par' dir='ltr' id='par_1_1' title="bbox 1484 292 1923 357">
     <span class='ocr_line' id='line_1_1' title="bbox 1484 292 1923 357; baseline 0 -20"><span class='ocrx_word' id='word_1_1' title='bbox 1484 292 1923 357; x_wconf 69' lang='lat'>-42-</span> 
     </span>
    </p>
   </div>
   <div class='ocr_carea' id='block_1_2' title="bbox 479 484 2925 2077">
    <p class='ocr_par' dir='ltr' id='par_1_2' title="bbox 483 484 2917 721">
     <span class='ocr_line' id='line_1_2' title="bbox 486 484 2917 575; baseline 0 -22"><span class='ocrx_word' id='word_1_2' title='bbox 486 489 777 574; x_wconf 79' lang='grc' dir='ltr'>Περσέως</span> <span class='ocrx_word' id='word_1_3' title='bbox 837 497 1094 569; x_wconf 86' lang='grc' dir='ltr'>γυναῖκα</span> <span class='ocrx_word' id='word_1_4' title='bbox 1158 490 1430 567; x_wconf 84' lang='grc'>(26,18);</span> <span class='ocrx_word' id='word_1_5' title='bbox 1497 490 1648 566; x_wconf 81' lang='grc'><strong>22,6</strong></span> <span class='ocrx_word' id='word_1_6' title='bbox 1701 484 1920 572; x_wconf 83' lang='grc' dir='ltr'>ἀνδρὸς</span> <span class='ocrx_word' id='word_1_7' title='bbox 1979 488 2283 571; x_wconf 75' lang='grc' dir='ltr'>κουριδίου</span> <span class='ocrx_word' id='word_1_8' title='bbox 2344 496 2406 554; x_wconf 80' lang='lat' dir='ltr'>et·</span> <span class='ocrx_word' id='word_1_9' title='bbox 2470 492 2664 569; x_wconf 84' lang='lat'>42,18</span> <span class='ocrx_word' id='word_1_10' title='bbox 2727 489 2917 575; x_wconf 80' lang='grc' dir='ltr'>ἄνδρα</span> 
     </span>
     <span class='ocr_line' id='line_1_3' title="bbox 483 614 1761 721; baseline -0.007 -40"><span class='ocrx_word' id='word_1_11' title='bbox 483 614 782 701; x_wconf 73' lang='grc' dir='ltr'><strong>κουρίδιον</strong></span> <span class='ocrx_word' id='word_1_12' title='bbox 824 615 1131 697; x_wconf 66' lang='lat' dir='ltr'>(poetica).</span> <span class='ocrx_word' id='word_1_13' title='bbox 1744 698 1761 721; x_wconf 50' lang='lat'><strong>·</strong></span> 
     </span>
    </p>

    <p class='ocr_par' dir='ltr' id='par_1_3' title="bbox 481 732 2925 1449">
     <span class='ocr_line' id='line_1_4' title="bbox 658 732 2925 825; baseline 0 -20"><span class='ocrx_word' id='word_1_14' title='bbox 658 743 710 805; x_wconf 92' lang='grc' dir='ltr'>Ι.</span> <span class='ocrx_word' id='word_1_15' title='bbox 759 742 930 805; x_wconf 82' lang='lat' dir='ltr'>Post</span> <span class='ocrx_word' id='word_1_16' title='bbox 975 734 1197 811; x_wconf 75' lang='grc' dir='ltr'>αὐτὸς</span> <span class='ocrx_word' id='word_1_17' title='bbox 1250 745 1314 803; x_wconf 81' lang='lat' dir='ltr'>et</span> <span class='ocrx_word' id='word_1_18' title='bbox 1360 734 1512 802; x_wconf 74' lang='grc' dir='ltr'>ὅδεε</span> <span class='ocrx_word' id='word_1_19' title='bbox 1563 734 1670 802; x_wconf 84' lang='grc' dir='ltr'>ἀπ’</span> <span class='ocrx_word' id='word_1_20' title='bbox 1720 732 2211 825; x_wconf 75' lang='grc' dir='ltr'>αὐτῆςθρᾴκης</span> <span class='ocrx_word' id='word_1_21' title='bbox 2264 742 2408 819; x_wconf 85' lang='grc'>13,8</span> <span class='ocrx_word' id='word_1_22' title='bbox 2472 741 2689 817; x_wconf 77' lang='lat' dir='ltr'>(Cobet</span> <span class='ocrx_word' id='word_1_23' title='bbox 2747 741 2925 805; x_wconf 89' lang='lat' dir='ltr'>nullo</span> 
     </span>
     <span class='ocr_line' id='line_1_5' title="bbox 482 864 2921 951; baseline -0.001 -19"><span class='ocrx_word' id='word_1_24' title='bbox 482 869 618 932; x_wconf 87' lang='lat' dir='ltr'><strong>iure</strong></span> <span class='ocrx_word' id='word_1_25' title='bbox 665 873 773 951; x_wconf 84' lang='grc' dir='ltr'>τῆς</span> <span class='ocrx_word' id='word_1_26' title='bbox 825 864 1124 943; x_wconf 78' lang='lat' dir='ltr'><strong>addidit);</strong></span> <span class='ocrx_word' id='word_1_27' title='bbox 1185 865 1442 928; x_wconf 81' lang='lat' dir='ltr'><strong>licentia</strong></span> <span class='ocrx_word' id='word_1_28' title='bbox 1496 865 1758 928; x_wconf 84' lang='lat' dir='ltr'><strong>nomine</strong></span> <span class='ocrx_word' id='word_1_29' title='bbox 1803 870 2001 928; x_wconf 77' lang='lat' dir='ltr'><strong>terrae</strong></span> <span class='ocrx_word' id='word_1_30' title='bbox 2046 872 2383 931; x_wconf 79' lang='lat' dir='ltr'><strong>excusatur</strong></span> <span class='ocrx_word' id='word_1_31' title='bbox 2440 866 2570 943; x_wconf 82' lang='lat' dir='ltr'><strong>(cfr.</strong></span> <span class='ocrx_word' id='word_1_32' title='bbox 2628 868 2921 931; x_wconf 81' lang='lat' dir='ltr'><strong>Philostr.</strong></span> 
     </span>
     <span class='ocr_line' id='line_1_6' title="bbox 489 984 2920 1076; baseline 0 -21"><span class='ocrx_word' id='word_1_33' title='bbox 489 992 774 1070; x_wconf 87' lang='lat'>174,14);</span> <span class='ocrx_word' id='word_1_34' title='bbox 836 988 1078 1076; x_wconf 79' lang='grc' dir='ltr'>ἐλέχθη</span> <span class='ocrx_word' id='word_1_35' title='bbox 1141 989 1208 1053; x_wconf 88' lang='grc' dir='ltr'>δὲ</span> <span class='ocrx_word' id='word_1_36' title='bbox 1255 985 1363 1053; x_wconf 86' lang='grc' dir='ltr'>καὶ</span> <span class='ocrx_word' id='word_1_37' title='bbox 1425 984 1527 1052; x_wconf 77' lang='grc' dir='ltr'>ὅδε</span> <span class='ocrx_word' id='word_1_38' title='bbox 1571 989 1757 1069; x_wconf 88' lang='grc' dir='ltr'>λόγος</span> <span class='ocrx_word' id='word_1_39' title='bbox 1804 992 1993 1068; x_wconf 87' lang='grc'><strong>30,21</strong></span> <span class='ocrx_word' id='word_1_40' title='bbox 2060 1012 2141 1055; x_wconf 86' lang='lat' dir='ltr'>ex</span> <span class='ocrx_word' id='word_1_41' title='bbox 2204 1012 2377 1055; x_wconf 86' lang='lat' dir='ltr'>more</span> <span class='ocrx_word' id='word_1_42' title='bbox 2423 992 2728 1056; x_wconf 80' lang='lat' dir='ltr'>Herodoti</span> <span class='ocrx_word' id='word_1_43' title='bbox 2790 992 2920 1069; x_wconf 87' lang='lat' dir='ltr'>(ofr.</span> 
     </span>
     <span class='ocr_line' id='line_1_7' title="bbox 484 1110 2925 1201; baseline 0 -21"><span class='ocrx_word' id='word_1_44' title='bbox 484 1119 611 1181; x_wconf 92' lang='lat' dir='ltr'>VII</span> <span class='ocrx_word' id='word_1_45' title='bbox 660 1115 852 1195; x_wconf 82' lang='lat'>167‚2</span> <span class='ocrx_word' id='word_1_46' title='bbox 901 1111 1026 1179; x_wconf 87' lang='grc' dir='ltr'>ἐστὶ</span> <span class='ocrx_word' id='word_1_47' title='bbox 1074 1113 1140 1177; x_wconf 88' lang='grc' dir='ltr'>δὲ</span> <span class='ocrx_word' id='word_1_48' title='bbox 1188 1150 1272 1159; x_wconf 83' lang='lat'>—-</span> <span class='ocrx_word' id='word_1_49' title='bbox 1321 1110 1424 1177; x_wconf 82' lang='grc' dir='ltr'>ὅδε</span> <span class='ocrx_word' id='word_1_50' title='bbox 1471 1115 1655 1195; x_wconf 82' lang='grc' dir='ltr'>λόγος</span> <span class='ocrx_word' id='word_1_51' title='bbox 1699 1115 2051 1201; x_wconf 83' lang='grc' dir='ltr'>λεγόμενος)</span> <span class='ocrx_word' id='word_1_52' title='bbox 2094 1137 2285 1198; x_wconf 86' lang='lat' dir='ltr'><strong>quem</strong></span> <span class='ocrx_word' id='word_1_53' title='bbox 2341 1118 2472 1180; x_wconf 85' lang='lat' dir='ltr'>iam</span> <span class='ocrx_word' id='word_1_54' title='bbox 2521 1118 2925 1199; x_wconf 81' lang='lat' dir='ltr'>Thucydides</span> 
     </span>
     <span class='ocr_line' id='line_1_8' title="bbox 481 1235 2921 1325; baseline -0.001 -18"><span class='ocrx_word' id='word_1_55' title='bbox 481 1249 731 1307; x_wconf 82' lang='lat' dir='ltr'><strong>secutus</strong></span> <span class='ocrx_word' id='word_1_56' title='bbox 789 1246 914 1318; x_wconf 81' lang='lat' dir='ltr'><strong>est3</strong></span> <span class='ocrx_word' id='word_1_57' title='bbox 985 1242 1064 1305; x_wconf 89' lang='lat' dir='ltr'>de</span> <span class='ocrx_word' id='word_1_58' title='bbox 1135 1237 1306 1303; x_wconf 78' lang='grc' dir='ltr'>ἔπεσι</span> <span class='ocrx_word' id='word_1_59' title='bbox 1365 1239 1566 1303; x_wconf 86' lang='grc' dir='ltr'>τοῖσδε</span> <span class='ocrx_word' id='word_1_60' title='bbox 1624 1242 1849 1318; x_wconf 84' lang='lat'>22,21,</span> <span class='ocrx_word' id='word_1_61' title='bbox 1916 1235 1994 1303; x_wconf 85' lang='grc' dir='ltr'>δι’</span> <span class='ocrx_word' id='word_1_62' title='bbox 2065 1235 2261 1304; x_wconf 78' lang='grc' dir='ltr'>αἰτίαν</span> <span class='ocrx_word' id='word_1_63' title='bbox 2321 1240 2494 1325; x_wconf 84' lang='grc' dir='ltr'>τήνδε</span> <span class='ocrx_word' id='word_1_64' title='bbox 2542 1244 2712 1320; x_wconf 83' lang='grc'>32,4,</span> <span class='ocrx_word' id='word_1_65' title='bbox 2775 1244 2921 1305; x_wconf 87' lang='grc' dir='ltr'>τίσιν</span> 
     </span>
     <span class='ocr_line' id='line_1_9' title="bbox 481 1366 2683 1449; baseline -0 -17"><span class='ocrx_word' id='word_1_66' title='bbox 481 1366 713 1432; x_wconf 84' lang='grc' dir='ltr'>τοιάνδε</span> <span class='ocrx_word' id='word_1_67' title='bbox 763 1366 912 1446; x_wconf 83' lang='grc'><strong>47,3</strong></span> <span class='ocrx_word' id='word_1_68' title='bbox 961 1366 1074 1431; x_wconf 85' lang='lat' dir='ltr'><strong>cfr.</strong></span> <span class='ocrx_word' id='word_1_69' title='bbox 1121 1366 1300 1431; x_wconf 79' lang='lat' dir='ltr'><strong>Stein</strong></span> <span class='ocrx_word' id='word_1_70' title='bbox 1347 1366 1428 1429; x_wconf 85' lang='lat' dir='ltr'>ad</span> <span class='ocrx_word' id='word_1_71' title='bbox 1474 1366 1626 1429; x_wconf 86' lang='lat' dir='ltr'><strong>Her.</strong></span> <span class='ocrx_word' id='word_1_72' title='bbox 1676 1366 1709 1428; x_wconf 92' lang='grc' dir='ltr'>Ι</span> <span class='ocrx_word' id='word_1_73' title='bbox 1757 1367 1884 1443; x_wconf 84' lang='grc'><strong>9,4,</strong></span> <span class='ocrx_word' id='word_1_74' title='bbox 1934 1366 2205 1430; x_wconf 85' lang='lat' dir='ltr'><strong>Kiihner</strong></span> <span class='ocrx_word' id='word_1_75' title='bbox 2250 1368 2335 1445; x_wconf 90' lang='grc' dir='ltr'>ΙΙ,</span> <span class='ocrx_word' id='word_1_76' title='bbox 2382 1388 2485 1449; x_wconf 85' lang='lat' dir='ltr'>pg.</span> <span class='ocrx_word' id='word_1_77' title='bbox 2536 1368 2683 1431; x_wconf 87' lang='lat'>544.</span> 
     </span>
    </p>

    <p class='ocr_par' dir='ltr' id='par_1_4' title="bbox 480 1485 2916 1686">
     <span class='ocr_line' id='line_1_10' title="bbox 658 1485 2916 1575; baseline -0 -19"><span class='ocrx_word' id='word_1_78' title='bbox 658 1494 739 1556; x_wconf 89' lang='lat' dir='ltr'>K.</span> <span class='ocrx_word' id='word_1_79' title='bbox 797 1494 944 1569; x_wconf 90' lang='lat'>11‚4</span> <span class='ocrx_word' id='word_1_80' title='bbox 989 1486 1161 1556; x_wconf 81' lang='grc' dir='ltr'>νέκυν</span> <span class='ocrx_word' id='word_1_81' title='bbox 1219 1531 1285 1539; x_wconf 88' lang='lat'><em>-</em></span> <span class='ocrx_word' id='word_1_82' title='bbox 1340 1491 1502 1555; x_wconf 86' lang='grc' dir='ltr'>κατὰ</span> <span class='ocrx_word' id='word_1_83' title='bbox 1547 1498 1660 1575; x_wconf 83' lang='grc' dir='ltr'>γῆς</span> <span class='ocrx_word' id='word_1_84' title='bbox 1695 1493 1964 1574; x_wconf 81' lang='grc' dir='ltr'>κείμενον</span> <span class='ocrx_word' id='word_1_85' title='bbox 2010 1491 2139 1554; x_wconf 88' lang='lat' dir='ltr'><strong>soil.</strong></span> <span class='ocrx_word' id='word_1_86' title='bbox 2192 1485 2396 1569; x_wconf 74' lang='grc' dir='ltr'>αὖτόνς</span> <span class='ocrx_word' id='word_1_87' title='bbox 2455 1494 2627 1556; x_wconf 84' lang='grc' dir='ltr'>νέκυν</span> <span class='ocrx_word' id='word_1_88' title='bbox 2674 1492 2916 1575; x_wconf 86' lang='lat' dir='ltr'><strong>praedi-</strong></span> 
     </span>
     <span class='ocr_line' id='line_1_11' title="bbox 480 1620 920 1686; baseline -0.005 -1"><span class='ocrx_word' id='word_1_89' title='bbox 480 1620 760 1686; x_wconf 84' lang='lat' dir='ltr'><strong>cativum</strong></span> <span class='ocrx_word' id='word_1_90' title='bbox 807 1624 920 1683; x_wconf 82' lang='lat' dir='ltr'><strong>est.</strong></span> 
     </span>
    </p>

    <p class='ocr_par' dir='ltr' id='par_1_5' title="bbox 479 1738 2919 2077">
     <span class='ocr_line' id='line_1_12' title="bbox 657 1738 2919 1827; baseline -0.001 -18"><span class='ocrx_word' id='word_1_91' title='bbox 657 1744 978 1809; x_wconf 80' lang='lat' dir='ltr'><strong>Articulus</strong></span> <span class='ocrx_word' id='word_1_92' title='bbox 1023 1742 1363 1808; x_wconf 78' lang='lat' dir='ltr'><strong>Parthenio</strong></span> <span class='ocrx_word' id='word_1_93' title='bbox 1405 1743 1610 1809; x_wconf 85' lang='lat' dir='ltr'>invito</span> <span class='ocrx_word' id='word_1_94' title='bbox 1653 1743 1927 1808; x_wconf 88' lang='lat' dir='ltr'><strong>omissus</strong></span> <span class='ocrx_word' id='word_1_95' title='bbox 1972 1749 2096 1808; x_wconf 80' lang='lat' dir='ltr'><strong>est:</strong></span> <span class='ocrx_word' id='word_1_96' title='bbox 2170 1744 2317 1821; x_wconf 89' lang='lat'>14‚5</span> <span class='ocrx_word' id='word_1_97' title='bbox 2373 1744 2487 1807; x_wconf 89' lang='lat' dir='ltr'>ubi</span> <span class='ocrx_word' id='word_1_98' title='bbox 2546 1738 2646 1807; x_wconf 81' lang='grc' dir='ltr'>ὅτε</span> <span class='ocrx_word' id='word_1_99' title='bbox 2693 1740 2727 1807; x_wconf 83' lang='grc' dir='ltr'>ὁ</span> <span class='ocrx_word' id='word_1_100' title='bbox 2784 1764 2919 1827; x_wconf 87' lang='grc' dir='ltr'>τρο-</span> 
     </span>
     <span class='ocr_line' id='line_1_13' title="bbox 481 1866 2919 1957; baseline 0 -24"><span class='ocrx_word' id='word_1_101' title='bbox 481 1871 650 1957; x_wconf 80' lang='grc' dir='ltr'>φεὺς,</span> <span class='ocrx_word' id='word_1_102' title='bbox 699 1869 892 1947; x_wconf 87' lang='grc'><strong>36,17</strong></span> <span class='ocrx_word' id='word_1_103' title='bbox 943 1869 1053 1933; x_wconf 91' lang='lat' dir='ltr'>ubi</span> <span class='ocrx_word' id='word_1_104' title='bbox 1099 1866 1399 1952; x_wconf 83' lang='grc' dir='ltr'>ἐγκρατῆς</span> <span class='ocrx_word' id='word_1_105' title='bbox 1452 1876 1560 1953; x_wconf 80' lang='grc' dir='ltr'>τῆς</span> <span class='ocrx_word' id='word_1_106' title='bbox 1619 1867 1876 1942; x_wconf 87' lang='grc' dir='ltr'>πόλεως,</span> <span class='ocrx_word' id='word_1_107' title='bbox 1938 1870 2129 1946; x_wconf 87' lang='grc'><strong>49,18</strong></span> <span class='ocrx_word' id='word_1_108' title='bbox 2191 1868 2304 1931; x_wconf 92' lang='lat' dir='ltr'>ubi</span> <span class='ocrx_word' id='word_1_109' title='bbox 2349 1876 2425 1952; x_wconf 77' lang='grc' dir='ltr'>τῇ</span> <span class='ocrx_word' id='word_1_110' title='bbox 2474 1876 2629 1953; x_wconf 77' lang='grc' dir='ltr'>μονῇ</span> <span class='ocrx_word' id='word_1_111' title='bbox 2688 1868 2919 1933; x_wconf 86' lang='lat' dir='ltr'><strong>scribas</strong></span> 
     </span>
     <span class='ocr_line' id='line_1_14' title="bbox 479 1994 1368 2077; baseline -0.002 -18"><span class='ocrx_word' id='word_1_112' title='bbox 479 2016 728 2061; x_wconf 86' lang='lat' dir='ltr'><strong>necesse</strong></span> <span class='ocrx_word' id='word_1_113' title='bbox 773 2002 869 2061; x_wconf 82' lang='lat' dir='ltr'>est</span> <span class='ocrx_word' id='word_1_114' title='bbox 912 1994 1042 2073; x_wconf 82' lang='lat' dir='ltr'><strong>(cfr.</strong></span> <span class='ocrx_word' id='word_1_115' title='bbox 1091 2016 1190 2077; x_wconf 86' lang='lat' dir='ltr'>pg.</span> <span class='ocrx_word' id='word_1_116' title='bbox 1244 1994 1368 2072; x_wconf 82' lang='lat'><strong>36).</strong></span> 
     </span>
    </p>
   </div>
   <div class='ocr_carea' id='block_1_3' title="bbox 1242 2202 2151 2423">
    <p class='ocr_par' dir='ltr' id='par_1_6' title="bbox 1242 2202 2151 2423">
     <span class='ocr_line' id='line_1_15' title="bbox 1277 2202 2103 2293; baseline -0.001 -19"><span class='ocrx_word' id='word_1_117' title='bbox 1277 2207 1352 2293; x_wconf 84' lang='lat' dir='ltr'>g)</span> <span class='ocrx_word' id='word_1_118' title='bbox 1399 2205 1501 2274; x_wconf 84' lang='lat' dir='ltr'>De</span> <span class='ocrx_word' id='word_1_119' title='bbox 1547 2202 2103 2292; x_wconf 87' lang='lat' dir='ltr'><strong>pronominibus.</strong></span> 
     </span>
     <span class='ocr_line' id='line_1_16' title="bbox 1242 2346 2151 2423; baseline -0.001 -7"><span class='ocrx_word' id='word_1_120' title='bbox 1242 2355 1344 2417; x_wconf 88' lang='lat' dir='ltr'>De</span> <span class='ocrx_word' id='word_1_121' title='bbox 1392 2347 1608 2423; x_wconf 73' lang='grc' dir='ltr'>αὐτός</span> <span class='ocrx_word' id='word_1_122' title='bbox 1654 2358 1727 2417; x_wconf 81' lang='lat' dir='ltr'>et</span> <span class='ocrx_word' id='word_1_123' title='bbox 1774 2346 1988 2415; x_wconf 76' lang='grc' dir='ltr'>αὖτοῦ</span> <span class='ocrx_word' id='word_1_124' title='bbox 2034 2359 2151 2416; x_wconf 75' lang='lat' dir='ltr'>eto.</span> 
     </span>
    </p>
   </div>
   <div class='ocr_carea' id='block_1_4' title="bbox 476 2490 2924 4578">
    <p class='ocr_par' dir='ltr' id='par_1_7' title="bbox 476 2490 2924 3579">
     <span class='ocr_line' id='line_1_17' title="bbox 657 2490 2919 2578; baseline 0 -18"><span class='ocrx_word' id='word_1_125' title='bbox 657 2500 733 2561; x_wconf 87' lang='lat' dir='ltr'>A.</span> <span class='ocrx_word' id='word_1_126' title='bbox 781 2497 1124 2561; x_wconf 86' lang='lat' dir='ltr'>Nonnullis</span> <span class='ocrx_word' id='word_1_127' title='bbox 1169 2497 1320 2561; x_wconf 84' lang='lat' dir='ltr'><strong>loeis</strong></span> <span class='ocrx_word' id='word_1_128' title='bbox 1368 2490 1579 2566; x_wconf 69' lang='grc' dir='ltr'>αυτὸς</span> <span class='ocrx_word' id='word_1_129' title='bbox 1639 2493 1716 2557; x_wconf 82' lang='grc' dir='ltr'>δέ</span> <span class='ocrx_word' id='word_1_130' title='bbox 1780 2516 1909 2559; x_wconf 92' lang='lat' dir='ltr'>non</span> <span class='ocrx_word' id='word_1_131' title='bbox 1972 2495 2153 2558; x_wconf 87' lang='lat' dir='ltr'><strong>alteri</strong></span> <span class='ocrx_word' id='word_1_132' title='bbox 2213 2496 2493 2559; x_wconf 76' lang='lat' dir='ltr'>subiecto</span> <span class='ocrx_word' id='word_1_133' title='bbox 2552 2498 2919 2578; x_wconf 76' lang='lat' dir='ltr'>oppositum</span> 
     </span>
     <span class='ocr_line' id='line_1_18' title="bbox 479 2619 2921 2705; baseline 0 -20"><span class='ocrx_word' id='word_1_134' title='bbox 479 2629 590 2699; x_wconf 79' lang='lat' dir='ltr'><strong>est,</strong></span> <span class='ocrx_word' id='word_1_135' title='bbox 649 2622 758 2685; x_wconf 87' lang='lat' dir='ltr'>sed</span> <span class='ocrx_word' id='word_1_136' title='bbox 803 2622 1045 2685; x_wconf 73' lang='lat' dir='ltr'>obiecto</span> <span class='ocrx_word' id='word_1_137' title='bbox 1088 2620 1374 2684; x_wconf 81' lang='lat' dir='ltr'>cuilibet:</span> <span class='ocrx_word' id='word_1_138' title='bbox 1431 2622 1574 2697; x_wconf 89' lang='grc'>14,8</span> <span class='ocrx_word' id='word_1_139' title='bbox 1622 2619 1877 2704; x_wconf 69' lang='grc' dir='ltr'>τροφεὺς</span> <span class='ocrx_word' id='word_1_140' title='bbox 1934 2654 2001 2665; x_wconf 89' lang='lat'>-</span> <span class='ocrx_word' id='word_1_141' title='bbox 2057 2626 2132 2703; x_wconf 78' lang='grc' dir='ltr'>τῇ</span> <span class='ocrx_word' id='word_1_142' title='bbox 2188 2623 2293 2703; x_wconf 84' lang='grc' dir='ltr'>μὲν</span> <span class='ocrx_word' id='word_1_143' title='bbox 2355 2621 2609 2703; x_wconf 82' lang='grc' dir='ltr'>θαρρεῖν</span> <span class='ocrx_word' id='word_1_144' title='bbox 2655 2642 2921 2705; x_wconf 85' lang='grc' dir='ltr'>παρεκε-</span> 
     </span>
     <span class='ocr_line' id='line_1_19' title="bbox 479 2739 2918 2831; baseline 0 -22"><span class='ocrx_word' id='word_1_145' title='bbox 479 2746 756 2823; x_wconf 73' lang='grc' dir='ltr'>λεὺσατο,</span> <span class='ocrx_word' id='word_1_146' title='bbox 827 2741 1009 2816; x_wconf 71' lang='grc' dir='ltr'>αὐτὸς</span> <span class='ocrx_word' id='word_1_147' title='bbox 1070 2745 1136 2808; x_wconf 87' lang='grc' dir='ltr'>δὲ</span> <span class='ocrx_word' id='word_1_148' title='bbox 1196 2746 1402 2831; x_wconf 77' lang='grc' dir='ltr'>κρυφα</span> <span class='ocrx_word' id='word_1_149' title='bbox 1469 2739 1823 2829; x_wconf 76' lang='grc' dir='ltr'>ὖπέρχεταις</span> <span class='ocrx_word' id='word_1_150' title='bbox 1907 2746 2094 2822; x_wconf 86' lang='grc'>15,21</span> <span class='ocrx_word' id='word_1_151' title='bbox 2163 2740 2196 2807; x_wconf 81' lang='grc' dir='ltr'>ὁ</span> <span class='ocrx_word' id='word_1_152' title='bbox 2253 2739 2479 2808; x_wconf 82' lang='grc' dir='ltr'>Ἀντιλ.</span> <span class='ocrx_word' id='word_1_153' title='bbox 2530 2742 2749 2831; x_wconf 85' lang='grc' dir='ltr'>,ἐκείνῳ</span> <span class='ocrx_word' id='word_1_154' title='bbox 2811 2751 2918 2831; x_wconf 79' lang='grc' dir='ltr'>μὲν</span> 
     </span>
     <span class='ocr_line' id='line_1_20' title="bbox 479 2866 2919 2957; baseline 0 -23"><span class='ocrx_word' id='word_1_155' title='bbox 479 2870 970 2956; x_wconf 81' lang='grc' dir='ltr'>παρεκελεὺσατο</span> <span class='ocrx_word' id='word_1_156' title='bbox 1008 2907 1081 2917; x_wconf 90' lang='grc'>-</span> <span class='ocrx_word' id='word_1_157' title='bbox 1135 2866 1316 2941; x_wconf 72' lang='grc' dir='ltr'>αὐτὸς</span> <span class='ocrx_word' id='word_1_158' title='bbox 1349 2870 1417 2932; x_wconf 86' lang='grc' dir='ltr'>δὲ</span> <span class='ocrx_word' id='word_1_159' title='bbox 1467 2905 1550 2915; x_wconf 91' lang='grc'>-</span> <span class='ocrx_word' id='word_1_160' title='bbox 1599 2867 1859 2947; x_wconf 85' lang='grc' dir='ltr'>ἀνεῖλεν;</span> <span class='ocrx_word' id='word_1_161' title='bbox 1910 2873 2104 2948; x_wconf 85' lang='grc'><strong>22,10</strong></span> <span class='ocrx_word' id='word_1_162' title='bbox 2152 2867 2507 2941; x_wconf 86' lang='grc' dir='ltr'>Κυάνιππος</span> <span class='ocrx_word' id='word_1_163' title='bbox 2575 2906 2636 2915; x_wconf 90' lang='lat'>-</span> <span class='ocrx_word' id='word_1_164' title='bbox 2687 2867 2919 2957; x_wconf 80' lang='grc' dir='ltr'>ἐκείνην</span> 
     </span>
     <span class='ocr_line' id='line_1_21' title="bbox 479 2988 2917 3082; baseline -0 -22"><span class='ocrx_word' id='word_1_165' title='bbox 479 3000 586 3082; x_wconf 79' lang='grc' dir='ltr'>μὲν</span> <span class='ocrx_word' id='word_1_166' title='bbox 615 3030 701 3039; x_wconf 89' lang='lat'>-—</span> <span class='ocrx_word' id='word_1_167' title='bbox 735 2993 1016 3071; x_wconf 76' lang='grc' dir='ltr'>ἐπέθετο,</span> <span class='ocrx_word' id='word_1_168' title='bbox 1049 2988 1233 3068; x_wconf 70' lang='grc' dir='ltr'>αὐτὸς</span> <span class='ocrx_word' id='word_1_169' title='bbox 1265 2994 1332 3057; x_wconf 82' lang='grc' dir='ltr'>δὲ</span> <span class='ocrx_word' id='word_1_170' title='bbox 1364 2990 1810 3078; x_wconf 73' lang='grc' dir='ltr'>ἐπικατέσφαξε</span> <span class='ocrx_word' id='word_1_171' title='bbox 1841 2996 1971 3074; x_wconf 82' lang='lat' dir='ltr'><strong>(cfr.</strong></span> <span class='ocrx_word' id='word_1_172' title='bbox 2006 3000 2157 3059; x_wconf 79' lang='lat' dir='ltr'><strong>Ant.</strong></span> <span class='ocrx_word' id='word_1_173' title='bbox 2193 2995 2328 3060; x_wconf 88' lang='lat' dir='ltr'><strong>Lib.</strong></span> <span class='ocrx_word' id='word_1_174' title='bbox 2370 2998 2579 3074; x_wconf 86' lang='lat'>119,1,</span> <span class='ocrx_word' id='word_1_175' title='bbox 2618 2998 2766 3061; x_wconf 87' lang='lat' dir='ltr'>Con.</span> <span class='ocrx_word' id='word_1_176' title='bbox 2792 2998 2917 3075; x_wconf 87' lang='grc'>46).</span> 
     </span>
     <span class='ocr_line' id='line_1_22' title="bbox 477 3116 2924 3207; baseline 0 -22"><span class='ocrx_word' id='word_1_177' title='bbox 477 3123 572 3185; x_wconf 90' lang='lat' dir='ltr'>Ne</span> <span class='ocrx_word' id='word_1_178' title='bbox 619 3122 726 3205; x_wconf 82' lang='grc' dir='ltr'>μέν</span> <span class='ocrx_word' id='word_1_179' title='bbox 773 3122 1035 3203; x_wconf 87' lang='lat' dir='ltr'><strong>quidem</strong></span> <span class='ocrx_word' id='word_1_180' title='bbox 1079 3120 1398 3187; x_wconf 76' lang='lat' dir='ltr'><strong>antecedit</strong></span> <span class='ocrx_word' id='word_1_181' title='bbox 1447 3123 1622 3199; x_wconf 89' lang='lat'>11‚1:</span> <span class='ocrx_word' id='word_1_182' title='bbox 1690 3117 1732 3207; x_wconf 87' lang='grc' dir='ltr'>ἡ</span> <span class='ocrx_word' id='word_1_183' title='bbox 1781 3121 1849 3184; x_wconf 88' lang='grc' dir='ltr'>δὲ</span> <span class='ocrx_word' id='word_1_184' title='bbox 1897 3116 2349 3205; x_wconf 70' lang='grc' dir='ltr'>αὐθαδέστερον</span> <span class='ocrx_word' id='word_1_185' title='bbox 2397 3120 2777 3205; x_wconf 84' lang='grc' dir='ltr'>ἀπεκρίνατο,</span> <span class='ocrx_word' id='word_1_186' title='bbox 2838 3118 2924 3192; x_wconf 83' lang='grc' dir='ltr'>ὡς</span> 
     </span>
     <span class='ocr_line' id='line_1_23' title="bbox 477 3240 2923 3333; baseline 0 -24"><span class='ocrx_word' id='word_1_187' title='bbox 477 3248 601 3333; x_wconf 81' lang='grc' dir='ltr'>χρὴ</span> <span class='ocrx_word' id='word_1_188' title='bbox 661 3240 806 3329; x_wconf 81' lang='grc' dir='ltr'>παρ’</span> <span class='ocrx_word' id='word_1_189' title='bbox 856 3241 1105 3332; x_wconf 84' lang='grc' dir='ltr'>Ἑλένην</span> <span class='ocrx_word' id='word_1_190' title='bbox 1169 3242 1346 3310; x_wconf 74' lang='grc' dir='ltr'>αὐτὸν</span> <span class='ocrx_word' id='word_1_191' title='bbox 1414 3242 1568 3310; x_wconf 78' lang='grc' dir='ltr'>ἰέναι</span> <span class='ocrx_word' id='word_1_192' title='bbox 1635 3244 1929 3332; x_wconf 85' lang='grc' dir='ltr'>κάκείνης</span> <span class='ocrx_word' id='word_1_193' title='bbox 1985 3244 2249 3324; x_wconf 87' lang='grc' dir='ltr'>δεῖσθαι,</span> <span class='ocrx_word' id='word_1_194' title='bbox 2324 3241 2476 3331; x_wconf 76' lang='grc' dir='ltr'>αὖτὴ</span> <span class='ocrx_word' id='word_1_195' title='bbox 2536 3244 2601 3307; x_wconf 87' lang='grc' dir='ltr'>δὲ</span> <span class='ocrx_word' id='word_1_196' title='bbox 2658 3250 2923 3331; x_wconf 79' lang='grc' dir='ltr'>μάλιστα</span> 
     </span>
     <span class='ocr_line' id='line_1_24' title="bbox 476 3368 2922 3457; baseline 0 -22"><span class='ocrx_word' id='word_1_197' title='bbox 476 3368 752 3457; x_wconf 81' lang='grc' dir='ltr'>ἠπείγετο</span> <span class='ocrx_word' id='word_1_198' title='bbox 799 3373 962 3435; x_wconf 72' lang='grc' dir='ltr'>κτλ.;</span> <span class='ocrx_word' id='word_1_199' title='bbox 1019 3372 1152 3435; x_wconf 78' lang='lat' dir='ltr'><strong>«illi</strong></span> <span class='ocrx_word' id='word_1_200' title='bbox 1197 3372 1458 3454; x_wconf 89' lang='lat' dir='ltr'><strong>quidem</strong></span> <span class='ocrx_word' id='word_1_201' title='bbox 1504 3373 1588 3436; x_wconf 84' lang='lat' dir='ltr'>ab</span> <span class='ocrx_word' id='word_1_202' title='bbox 1633 3373 1882 3436; x_wconf 86' lang='lat' dir='ltr'><strong>Helena</strong></span> <span class='ocrx_word' id='word_1_203' title='bbox 1925 3372 2245 3435; x_wconf 83' lang='lat' dir='ltr'><strong>auxilium</strong></span> <span class='ocrx_word' id='word_1_204' title='bbox 2289 3378 2529 3454; x_wconf 75' lang='lat' dir='ltr'><strong>peteret</strong></span> <span class='ocrx_word' id='word_1_205' title='bbox 2574 3373 2740 3435; x_wconf 84' lang='lat' dir='ltr'><strong>dixit</strong></span> <span class='ocrx_word' id='word_1_206' title='bbox 2782 3373 2922 3454; x_wconf 85' lang='lat' dir='ltr'><strong>ipsa</strong></span> 
     </span>
     <span class='ocr_line' id='line_1_25' title="bbox 476 3496 2759 3579; baseline -0.001 -18"><span class='ocrx_word' id='word_1_207' title='bbox 476 3503 690 3563; x_wconf 78' lang='lat' dir='ltr'><strong>autem</strong></span> <span class='ocrx_word' id='word_1_208' title='bbox 738 3498 1059 3561; x_wconf 82' lang='lat' dir='ltr'><strong>celerrime</strong></span> <span class='ocrx_word' id='word_1_209' title='bbox 1101 3497 1182 3560; x_wconf 85' lang='lat' dir='ltr'>ad</span> <span class='ocrx_word' id='word_1_210' title='bbox 1229 3517 1374 3561; x_wconf 89' lang='lat' dir='ltr'>eum</span> <span class='ocrx_word' id='word_1_211' title='bbox 1424 3498 1789 3562; x_wconf 76' lang='lat' dir='ltr'><strong>contendit»</strong></span> <span class='ocrx_word' id='word_1_212' title='bbox 1840 3497 1972 3575; x_wconf 83' lang='lat' dir='ltr'><strong>(cfr.</strong></span> <span class='ocrx_word' id='word_1_213' title='bbox 2021 3496 2117 3560; x_wconf 85' lang='lat' dir='ltr'>ed.</span> <span class='ocrx_word' id='word_1_214' title='bbox 2168 3498 2314 3560; x_wconf 85' lang='lat' dir='ltr'><strong>Sak.</strong></span> <span class='ocrx_word' id='word_1_215' title='bbox 2362 3518 2465 3579; x_wconf 88' lang='lat' dir='ltr'>pg.</span> <span class='ocrx_word' id='word_1_216' title='bbox 2513 3498 2759 3577; x_wconf 90' lang='lat' dir='ltr'><strong>XCVI).</strong></span> 
     </span>
    </p>

    <p class='ocr_par' dir='ltr' id='par_1_8' title="bbox 479 3615 2916 3825">
     <span class='ocr_line' id='line_1_26' title="bbox 657 3615 2916 3705; baseline -0.001 -19"><span class='ocrx_word' id='word_1_217' title='bbox 657 3617 764 3687; x_wconf 84' lang='grc' dir='ltr'>καὶ</span> <span class='ocrx_word' id='word_1_218' title='bbox 811 3616 1021 3692; x_wconf 74' lang='grc' dir='ltr'>αὔτόςε</span> <span class='ocrx_word' id='word_1_219' title='bbox 1091 3623 1196 3700; x_wconf 87' lang='grc'>8,5</span> <span class='ocrx_word' id='word_1_220' title='bbox 1252 3632 1335 3705; x_wconf 84' lang='grc' dir='ltr'>τῷ</span> <span class='ocrx_word' id='word_1_221' title='bbox 1385 3617 1438 3684; x_wconf 69' lang='grc' dir='ltr'>δ’</span> <span class='ocrx_word' id='word_1_222' title='bbox 1488 3619 1608 3705; x_wconf 83' lang='grc' dir='ltr'>ἄρα</span> <span class='ocrx_word' id='word_1_223' title='bbox 1655 3619 1765 3687; x_wconf 83' lang='grc' dir='ltr'>καὶ</span> <span class='ocrx_word' id='word_1_224' title='bbox 1815 3615 1974 3705; x_wconf 77' lang='grc' dir='ltr'>αὒτῷ</span> <span class='ocrx_word' id='word_1_225' title='bbox 2033 3622 2165 3699; x_wconf 83' lang='lat' dir='ltr'><strong>(cfr.</strong></span> <span class='ocrx_word' id='word_1_226' title='bbox 2214 3621 2363 3685; x_wconf 91' lang='lat' dir='ltr'><strong>Her.</strong></span> <span class='ocrx_word' id='word_1_227' title='bbox 2414 3624 2448 3685; x_wconf 94' lang='grc' dir='ltr'>Ι</span> <span class='ocrx_word' id='word_1_228' title='bbox 2500 3624 2716 3701; x_wconf 84' lang='grc'>111,3)</span> <span class='ocrx_word' id='word_1_229' title='bbox 2772 3623 2916 3685; x_wconf 89' lang='lat' dir='ltr'><strong>sim.</strong></span> 
     </span>
     <span class='ocr_line' id='line_1_27' title="bbox 479 3748 917 3825; baseline -0.002 -14"><span class='ocrx_word' id='word_1_230' title='bbox 479 3750 649 3825; x_wconf 86' lang='lat'><strong>30‚6.</strong></span> <span class='ocrx_word' id='word_1_231' title='bbox 702 3748 917 3825; x_wconf 84' lang='lat'><strong>45,17.</strong></span> 
     </span>
    </p>

    <p class='ocr_par' dir='ltr' id='par_1_9' title="bbox 483 3867 2919 4084">
     <span class='ocr_line' id='line_1_28' title="bbox 655 3867 2919 3955; baseline -0.002 -19"><span class='ocrx_word' id='word_1_232' title='bbox 655 3876 722 3936; x_wconf 91' lang='lat' dir='ltr'>B.</span> <span class='ocrx_word' id='word_1_233' title='bbox 774 3875 864 3936; x_wconf 91' lang='lat' dir='ltr'>De</span> <span class='ocrx_word' id='word_1_234' title='bbox 912 3868 1096 3936; x_wconf 69' lang='grc' dir='ltr'>αὐτοῦ</span> <span class='ocrx_word' id='word_1_235' title='bbox 1145 3879 1209 3937; x_wconf 77' lang='lat' dir='ltr'>et</span> <span class='ocrx_word' id='word_1_236' title='bbox 1253 3867 1437 3937; x_wconf 75' lang='grc' dir='ltr'>αὖτοῦ</span> <span class='ocrx_word' id='word_1_237' title='bbox 1491 3868 1698 3951; x_wconf 72' lang='grc' dir='ltr'>(αὑτοῦ</span> <span class='ocrx_word' id='word_1_238' title='bbox 1746 3892 1995 3955; x_wconf 84' lang='lat' dir='ltr'><strong>semper</strong></span> <span class='ocrx_word' id='word_1_239' title='bbox 2059 3880 2282 3950; x_wconf 79' lang='lat' dir='ltr'><strong>exstat,</strong></span> <span class='ocrx_word' id='word_1_240' title='bbox 2344 3868 2521 3936; x_wconf 72' lang='grc' dir='ltr'>αὐτόν</span> <span class='ocrx_word' id='word_1_241' title='bbox 2578 3880 2641 3936; x_wconf 76' lang='lat' dir='ltr'>et</span> <span class='ocrx_word' id='word_1_242' title='bbox 2686 3867 2919 3945; x_wconf 80' lang='grc' dir='ltr'>ἑαυτόν,</span> 
     </span>
     <span class='ocr_line' id='line_1_29' title="bbox 483 3992 1490 4084; baseline 0.002 -25"><span class='ocrx_word' id='word_1_243' title='bbox 483 3992 672 4083; x_wconf 74' lang='grc' dir='ltr'>αὑτῆς</span> <span class='ocrx_word' id='word_1_244' title='bbox 718 4005 780 4064; x_wconf 82' lang='lat' dir='ltr'>et</span> <span class='ocrx_word' id='word_1_245' title='bbox 825 3996 1047 4084; x_wconf 79' lang='grc' dir='ltr'>ἑαυτῆς</span> <span class='ocrx_word' id='word_1_246' title='bbox 1091 3999 1490 4081; x_wconf 82' lang='lat' dir='ltr'><strong>promiscue).</strong></span> 
     </span>
    </p>

    <p class='ocr_par' dir='ltr' id='par_1_10' title="bbox 661 4116 2296 4209">
     <span class='ocr_line' id='line_1_30' title="bbox 661 4116 2296 4209; baseline -0.002 -22"><span class='ocrx_word' id='word_1_247' title='bbox 661 4128 715 4187; x_wconf 89' lang='lat' dir='ltr'>l.</span> <span class='ocrx_word' id='word_1_248' title='bbox 765 4126 1113 4189; x_wconf 76' lang='lat' dir='ltr'><strong>Genetivus</strong></span> <span class='ocrx_word' id='word_1_249' title='bbox 1157 4125 1545 4204; x_wconf 76' lang='lat' dir='ltr'>possessivus</span> <span class='ocrx_word' id='word_1_250' title='bbox 1592 4118 1797 4198; x_wconf 76' lang='grc' dir='ltr'>αὖτοῦ,</span> <span class='ocrx_word' id='word_1_251' title='bbox 1846 4117 2053 4209; x_wconf 70' lang='grc' dir='ltr'>αὐτῆς,</span> <span class='ocrx_word' id='word_1_252' title='bbox 2102 4116 2296 4185; x_wconf 75' lang='grc' dir='ltr'>αὒτῶν</span> 
     </span>
    </p>

    <p class='ocr_par' dir='ltr' id='par_1_11' title="bbox 483 4246 2922 4578">
     <span class='ocr_line' id='line_1_31' title="bbox 653 4246 2918 4331; baseline -0.002 -20"><span class='ocrx_word' id='word_1_253' title='bbox 653 4250 712 4328; x_wconf 81' lang='lat' dir='ltr'>a)</span> <span class='ocrx_word' id='word_1_254' title='bbox 757 4251 1043 4331; x_wconf 81' lang='lat' dir='ltr'><strong>sequitur</strong></span> <span class='ocrx_word' id='word_1_255' title='bbox 1087 4249 1588 4313; x_wconf 79' lang='lat' dir='ltr'><strong>substantivum:</strong></span> <span class='ocrx_word' id='word_1_256' title='bbox 1656 4250 1827 4327; x_wconf 83' lang='lat'><strong>5‚16.</strong></span> <span class='ocrx_word' id='word_1_257' title='bbox 1898 4250 2063 4324; x_wconf 88' lang='lat'><strong>14,5.</strong></span> <span class='ocrx_word' id='word_1_258' title='bbox 2132 4247 2347 4323; x_wconf 81' lang='lat'><strong>18,15.</strong></span> <span class='ocrx_word' id='word_1_259' title='bbox 2418 4247 2628 4323; x_wconf 84' lang='lat'><strong>18,16.</strong></span> <span class='ocrx_word' id='word_1_260' title='bbox 2704 4246 2918 4321; x_wconf 84' lang='lat'><strong>19,13.</strong></span> 
     </span>
     <span class='ocr_line' id='line_1_32' title="bbox 484 4370 2922 4452; baseline -0.001 -16"><span class='ocrx_word' id='word_1_261' title='bbox 484 4376 691 4451; x_wconf 84' lang='lat'><strong>19,18.</strong></span> <span class='ocrx_word' id='word_1_262' title='bbox 757 4377 926 4452; x_wconf 87' lang='lat'><strong>20‚5.</strong></span> <span class='ocrx_word' id='word_1_263' title='bbox 1000 4376 1172 4452; x_wconf 85' lang='lat'><strong>32,4.</strong></span> <span class='ocrx_word' id='word_1_264' title='bbox 1241 4376 1410 4451; x_wconf 85' lang='lat'><strong>38‚8.</strong></span> <span class='ocrx_word' id='word_1_265' title='bbox 1480 4376 1650 4451; x_wconf 83' lang='lat'><strong>39‚4.</strong></span> <span class='ocrx_word' id='word_1_266' title='bbox 1702 4375 1873 4451; x_wconf 84' lang='lat'><strong>41‚2.</strong></span> <span class='ocrx_word' id='word_1_267' title='bbox 1926 4372 2095 4451; x_wconf 86' lang='lat'><strong>47‚6.</strong></span> <span class='ocrx_word' id='word_1_268' title='bbox 2152 4374 2319 4449; x_wconf 86' lang='lat'>14,6,</span> <span class='ocrx_word' id='word_1_269' title='bbox 2378 4370 2476 4434; x_wconf 90' lang='lat' dir='ltr'>bis</span> <span class='ocrx_word' id='word_1_270' title='bbox 2521 4377 2635 4433; x_wconf 84' lang='lat' dir='ltr'><strong>art.</strong></span> <span class='ocrx_word' id='word_1_271' title='bbox 2686 4370 2922 4434; x_wconf 86' lang='lat' dir='ltr'>omisso</span> 
     </span>
     <span class='ocr_line' id='line_1_33' title="bbox 483 4499 869 4578; baseline 0.005 -17"><span class='ocrx_word' id='word_1_272' title='bbox 483 4499 647 4577; x_wconf 84' lang='lat'><strong>13‚7.</strong></span> <span class='ocrx_word' id='word_1_273' title='bbox 701 4502 869 4578; x_wconf 81' lang='lat'><strong>35,9.</strong></span> 
     </span>
    </p>
   </div>
  </div>
 </body>
</html>
