3342 5067
1448 298 1890 360 -43-

629 489 694 567 b)
737 489 1054 553 antecedit
1094 490 1382 553 articulo:
1434 492 1567 567 6‚6;
1625 489 1703 554 17
1710 493 1768 567 ,3
1818 496 1881 555 et
1926 492 2121 567 48,16
2169 492 2356 555 verbo
2400 492 2786 556 intercalata

629 615 692 692 2)
738 616 970 678 Genet..
1019 634 1191 696 poss,
1252 608 1433 678 αὑτοῦ
1481 620 1594 679 etc.
1654 616 1821 679 inter
1874 616 2214 681 articulum
2278 622 2341 679 et
2413 615 2884 681 substantivum

451 740 698 824 positus
743 745 860 803 est:
913 739 1106 815 33,19
1145 740 1242 802 τὸν
1275 734 1495 824 ἑαυτῆς
1528 739 1807 823 δαίμονα,
1858 742 2007 817 9,12
2042 748 2151 823 τῆς
2196 734 2377 812 αὐτὸς
2423 735 2605 805 αὑτοῦ
2652 750 2885 820 γενεᾶς,

450 883 656 945 neque
719 864 968 941 dubim,
1039 864 1217 945 quin.
1269 867 1412 943 12,1
1483 861 1515 929 ὁ
1573 864 1640 927 δὲ
1700 869 1799 929 τόν
1854 887 1917 930 τε
1965 860 2146 929 αὑτοῦ
2194 868 2428 950 πατὲρα
2474 887 2537 930 c..
2573 868 2881 944 Passovi0,

450 991 645 1067 45,19
711 988 878 1059 τοὺς·
919 982 1113 1053 αὸτῶν
1181 998 1377 1068 γονεῖς
1435 1011 1485 1054 c.
1561 960 1879 1055 Herchero
1948 990 2351 1056 scribendum
2405 992 2521 1065 sit.
2633 993 2719 1055 At
2778 990 2815 1054 7
2823 994 2884 1068 ,9

448 1116 602 1197 πρὸς
647 1115 744 1177 τὸν
791 1117 1025 1197 πατέρα
1070 1107 1251 1177 αὐτοῦ
1297 1115 1681 1192 servandum
1728 1121 1839 1180 est.

627 1240 692 1303 G.
741 1239 964 1303 Multis
1009 1241 1213 1304 verbis
1274 1240 1699 1303 interficiendi
1764 1242 2000 1320 regitur
2064 1260 2414 1322 pronomen
2476 1241 2879 1305 reflexivum:

443 1362 821 1448 ,διαχράομαι
867 1367 1034 1443 11,6.
1062 1366 1277 1443 22,12.
1307 1366 1522 1443 26,12.
1557 1364 1709 1443 47,9
1740 1366 1961 1445 (Her.),
2011 1362 2379 1451 ἀποσφάττει)
2414 1367 2626 1443 11,19.
2666 1368 2881 1443 45,13,

449 1485 708 1571 ἀναρτᾶν
757 1490 839 1553 27
846 1492 973 1567 ,11.
1026 1492 1219 1567 43‚13
1281 1490 1414 1569 (ubi
1464 1492 1777 1555 Goensius
1824 1485 2041 1575 ἑαυτήν
2098 1491 2368 1569 addidit)
2415 1490 2584 1569 45,7,
2650 1488 2881 1554 ἀνεῖλεν

441 1616 662 1693 3330,
711 1608 882 1699 ῥῖψαι
929 1615 1146 1693 41,17.
1195 1616 1412 1693 42‚20.
1464 1614 1614 1693 47,8
1661 1616 1839 1696 (Con.
1897 1618 1997 1679 16.
2048 1617 2130 1696 2).

1261 1779 1363 1839 De
1408 1777 2055 1841 demonstrativis.

621 1918 1129 1982 Demonstrativa
1173 1920 1280 1982 hic
1341 1919 1708 1984 attributive
1774 1920 1906 1983 illic
1962 1920 2378 2002 praedicative
2440 1918 2663 2001 posita'
2710 1929 2880 1986 sunt.

446 2044 643 2119 47‚18
703 2036 878 2113 οὗτος
941 2043 1022 2105 ad
1082 2044 1486 2125 insequentia
1545 2050 1817 2127 spectat;
1888 2038 1993 2107 ὅδε
2051 2045 2131 2109 ad
2177 2046 2613 2125 antecedentia
2626 2071 2648 2121 ς,
2710 2048 2879 2123 9,11.

452 2168 664 2245 15,13.
713 2168 885 2244 49‚4.
935 2169 1150 2245 36,19.
1202 2167 1396 2247 46‚17
1443 2170 1535 2246 (at
1581 2170 1708 2247 5‚5.
1759 2171 1955 2247 29,12
2003 2170 2143 2249 etc.)
2188 2169 2289 2247 (de
2336 2172 2598 2235 articulo
2652 2172 2884 2236 omisso

446 2313 502 2356 v.
574 2312 678 2372 pg.
717 2292 854 2370 42).
966 2291 1200 2355 τοιόσδε
1267 2292 1366 2357 bis
1434 2297 1641 2357 exstat
1709 2300 1773 2358 et
1832 2294 1911 2357 ad
1974 2296 2307 2375 sequentia
2368 2296 2667 2377 spectat„
2730 2297 2813 2360 47
2820 2298 2880 2374 ,3

445 2392 736 2502 ὑποσχεῖν
781 2420 926 2480 τίσιν
972 2416 1226 2491 τοιάνδε,
1296 2420 1487 2496 19,10
1535 2414 1861 2504 Διόγνητος
1925 2413 2096 2481 οὐδὲν
2140 2414 2529 2505 ὑποτοπήσας
2594 2396 2879 2485 τοιόνδεῑ.

622 2542 815 2619 42,13
865 2536 951 2612 εἰς
994 2550 1271 2606 τοσοῦτον
1321 2577 1402 2587 -
1446 2538 1677 2618 ἐλθεῖν,
1725 2538 1879 2639 ὥστε
1924 2546 2211 2625 genetivo
2254 2545 2498 2629 (μανίας
2537 2546 2705 2624 sim.)
2750 2567 2880 2610 non

443 2666 714 2739 adiect03
765 2666 874 2729 cfr.
926 2666 1094 2730 Bast.
1143 2667 1185 2729 1.
1219 2668 1281 2744 l.,
1332 2668 1460 2749 qui'
1490 2669 1670 2731 affert
1716 2690 1795 2731 ex
1840 2668 2106 2732 Libanio
2150 2671 2270 2735 vol.
2298 2670 2391 2732 IV
2434 2671 2560 2749 (R.)
2604 2691 2703 2752 pg.
2730 2669 2875 2747 667,

441 2792 485 2853 1.
523 2793 560 2855 3
609 2786 728 2871 ἐγὼ
763 2786 910 2861 δἐἷς
941 2796 1218 2856 τοσοῦτον
1249 2790 1370 2879 ἤδη
1403 2797 1800 2879 προέρχομαι,
1849 2790 1935 2864 ὡς
1982 2792 2112 2857 κτλ.
2161 2795 2325 2858 Xen.
2376 2796 2541 2877 Eph.
2590 2797 2789 2875 (Her.)
2827 2799 2876 2875 I,

445 2937 544 2997 pg.
571 2917 763 2993 346‚3
814 2914 902 2988 εἷς
948 2914 1048 2983 οἷα
1094 2916 1218 3003 ἄρα
1265 2915 1554 3005 ἐλήλυθε.
1631 2921 1903 2983 Pausan.
1939 2920 2029 2982 VI
2082 2897 2158 2981 17'
2210 2914 2276 2989 ἐς
2322 2928 2601 2985 τοσοῦτον
2648 2926 2881 3008 προσή-

445 3058 642 3119 γαγεν,
690 3036 776 3110 ὡς
819 3039 949 3102 κτλ.

1043 3203 1142 3263 De
1188 3170 1532 3264 relativis
1579 3206 1651 3263 et
1693 3168 2294 3284 'interrogativis

619 3344 980 3407 Relativum
1053 3344 1562 3420 demonstratiVO,
1635 3345 1741 3408 cui
1802 3347 2155 3428 respondet,
2213 3350 2552 3415 antecedit:
2632 3350 2776 3429 14,7
2837 3348 2878 3436 ᾖ

447 3469 746 3550 βοὺλεται,
798 3468 1006 3551 ταυτῃ,
1060 3470 1247 3547 18,21
1299 3463 1454 3532 καθ’
1503 3467 1566 3532 ὃν
1613 3468 1682 3531 δὲ
1726 3472 1944 3553 χρόνον
1991 3507 2076 3517 ——
2123 3476 2275 3536 τότε.

451 3674 454 3677 ⁴
619 3587 820 3663 ὅστις
865 3593 1080 3656 interr.
1127 3592 1314 3656 indir.
1377 3594 1773 3658 invenimus:
1840 3596 2032 3673 12,14
2078 3597 2497 3682 προϊδόμενος,
2564 3594 2726 3671 ὅστις
2786 3597 2875 3685 ἧν,

443 3720 594 3795 33,4
653 3720 940 3802 γνωρίσαι
985 3714 1132 3803 ,ἥτις
1185 3714 1274 3802 ἧν,
1343 3721 1534 3798 41,23
1584 3717 1903 3802 ἀνέκρινεν,
1973 3716 2139 3793 ὅστις
2199 3744 2263 3785 τε
2324 3718 2397 3808 ἦν
2460 3725 2567 3788 καὶ
2629 3719 2873 3789 ὁπόθεν.

441 3847 574 3907 Hos
619 3846 784 3909 locos
831 3846 1041 3908 Sakol.
1066 3818 1238 3907 ‘cum
1286 3847 1643 3927 respexerit,
1695 3847 1971 3910 mutavit
2018 3848 2167 3924 40‚6
2218 3846 2301 3917 ὃς
2346 3849 2454 3931 μὲν
2484 3844 2558 3933 ἧν
2592 3844 2701 3913 οὒκ
2734 3846 2880 3937 ἐδή-

439 3972 549 4031 λου
593 3970 663 4031 in
711 3964 874 4040 ὅστις
921 3956 1055 4055 κ’τλ.
1147 3972 1234 4033 At
1279 3971 1454 4033 nullo
1501 3972 1664 4048 iure;
1722 3992 1874 4033 nam
1940 3979 2004 4035 et
2061 3973 2437 4036 Parthenius
2500 3974 2635 4055 ipse
2691 3975 2875 4039 dicit:

617 4203 634 4234 ¹
677 4200 931 4253 Hercher
962 4180 1154 4253 Herm}
1179 4200 1310 4264 ΧΠ,
1333 4204 1569 4267 pg.146:
1615 4203 1763 4253 «Der
1787 4204 2282 4269 zusammenhang
2318 4204 2478 4271 zeigt,
2518 4204 2627 4257 dass
2655 4205 2875 4269 τοιόσδε,

439 4313 554 4349 was
619 4298 723 4350 auf
775 4298 964 4351 nichts
1021 4298 1524 4363 Vorhergehendes
1579 4300 1974 4365 zurfickffihrt,
2030 4317 2099 4354 zu
2152 4302 2435 4355 streichen
2486 4304 2623 4368 ist»;
2674 4303 2876 4355 merito

439 4394 622 4447 Sakol.
650 4396 940 4449 Herchero
977 4412 1091 4448 non
1130 4400 1220 4449 est
1243 4412 1539 4463 assensus;
1579 4398 1651 4449 ad
1692 4398 1864 4451 verba
1901 4400 2296 4453 antecedentia
2334 4416 2475 4454 sane
2511 4402 2872 4454 referendum

437 4506 552 4544 non
591 4497 694 4557 est,
733 4494 835 4547 sed
873 4494 943 4547 ad
983 4497 1300 4562 sequentia:
1341 4494 1538 4550 τοιόνδε
1587 4496 1701 4550 scil.
1745 4493 1853 4549 οἷον
1893 4497 1958 4551 Π.
1998 4498 2325 4553 καθικέτευε.
