3342 5067
1481 276 1927 337 -68-

559 1238 664 1281 am
722 1238 867 1282 cum
921 1218 1246 1281 Parthenii
1295 1218 1540 1297 generis
1590 1216 1845 1280 dicendi
1889 1217 1999 1280 vix
2048 1216 2406 1298 quidquam
2463 1239 2569 1281 me
2613 1220 2928 1283 intactum

475 1222 555 1414 Ι
603 1344 931 1423 reliquisse
979 1343 1360 1419 existimem,
1409 1361 1735 1405 summam
1784 1341 2137 1406 subducam
2184 1343 2380 1405 totius
2426 1342 2925 1425 disceptationis:

650 1468 731 1530 In
774 1468 1103 1532 Parthenii
1154 1488 1378 1548 genere
1434 1466 1690 1530 dicendi
1742 1467 2012 1531 elocutio
2067 1471 2288 1548 poetae
2335 1468 2556 1531 Graeci
2612 1472 2675 1532 et
2730 1488 2930 1548 gram-

473 1594 691 1656 matici
737 1594 1144 1671 cognoscitur,
1195 1594 1310 1673 qui
1356 1613 1718 1656 sermonem
1750 1592 1926 1655 illius
1958 1592 2183 1655 aetatis
2214 1571 2413 1657 doctis
2443 1592 2629 1686 dictis
2667 1599 2933 1655 exornat

472 1724 665 1799 atque
719 1719 996 1800 poeticis,
1056 1738 1214 1799 quas
1268 1719 1504 1799 partim
1560 1719 1697 1799 ipse
1751 1722 1937 1799 poeta
1988 1717 2289 1780 adhibere
2342 1718 2634 1794 assuevit,
2693 1719 2927 1800 partim

473 1865 552 1906 ex
596 1842 776 1906 libris
821 1844 1198 1925 scriptorum
1233 1863 1470 1920 eorum,
1519 1842 1695 1923 apud
1742 1863 1901 1923 quos
1932 1843 2574 1927 narratiuncularum·
2601 1863 2699 1906 res
2730 1850 2930 1907 exsta-

473 1969 645 2045 bant,
709 1969 846 2031 sibi·
887 1970 1251 2050 assumpsit.
1345 1969 1436 2031 Ut
1493 1969 1562 2031 in
1622 1969 1978 2032 Atticorum
2042 1969 2336 2049 operibus
2396 1987 2545 2031 eum
2606 1974 2927 2033 versatum

474 2114 606 2157 esse
651 2099 931 2175 apparet,
980 2094 1071 2156 ita
1116 2094 1357 2174 ubique
1403 2100 1654 2157 secutus
1702 2098 1797 2156 est
1844 2093 2260 2170 Herodotum,
2317 2094 2499 2157 cuius
2545 2078 2924 2157 suavitatem

472 2218 772 2299 loquendi
835 2219 1224 2303 (γλοκὸτητα)
1292 2239 1442 2282 cum
1512 2239 1584 2282 eo
1651 2218 1905 2282 dicendi
1974 2218 2179 2295 modo,
2253 2219 2365 2299 qui
2433 2220 2929 2300 mythographos

471 2345 688 2408 decere
751 2342 1167 2421 indicabatur,
1228 2352 1302 2427 τῇ
1352 2340 1632 2428 ἀφελείᾳ,
1702 2343 2056 2407 coniunxit.
2150 2345 2302 2407 Arte
2367 2344 2673 2407 rhetorica
2738 2345 2929 2424 igitur

472 2470 801 2548 abstinuit,
853 2476 1147 2556 σχήματα
1192 2472 1494 2535 adhibere
1526 2472 1751 2548 noluit,
1801 2470 2173 2551 simpliciter
2203 2470 2391 2533 verba
2426 2471 2923 2553 comprehendit.

472 2597 594 2660 Sed
640 2598 708 2658 in
743 2598 1178 2660 Atticistarum
1229 2617 1498 2660 numero
1543 2597 1764 2660 haberi
1810 2616 1938 2676 non
1985 2597 2150 2673 licet,
2200 2596 2514 2677 siquidem
2546 2597 2616 2658 in
2663 2597 2929 2661 dicendo

472 2721 604 2783 ulla
648 2722 807 2784 ratio
839 2722 1179 2785 manifesta
1222 2743 1352 2786 non
1401 2723 1491 2785 fit.
1572 2724 1740 2785 Nam
1788 2722 2033 2784 incuria
2082 2722 2358 2802 quadam
2397 2742 2470 2784 ac
2516 2705 2922 2803 neglegentia,

468 2847 539 2909 in
594 2846 780 2909 rebus
835 2847 1270 2926 grammaticis
1324 2847 1754 2929 potissimum,
1820 2847 2201 2928 opusculum
2259 2847 2630 2929 composuit,
2694 2855 2767 2911 ut
2823 2849 2927 2913 hie

470 2972 590 3034 hac
636 2972 768 3051 lege
813 2971 944 3033 illic
988 2971 1099 3034 illa
1130 2977 1365 3036 utatur.
1449 2972 1677 3053 Itaque
1721 2972 2029 3053 quoniam
2062 2973 2441 3035 Parthenius
2487 2992 2713 3035 norma
2757 2992 2926 3053 regu-

467 3097 656 3177 laque
710 3097 1091 3178 plerumque
1144 3077 1330 3161 vacat
1382 3117 1454 3161 ac
1507 3099 1748 3179 passim
1804 3118 1871 3160 se
1924 3098 2183 3180 praebet
2241 3099 2921 3175 inconstantissimum,

468 3225 543 3284 ut
610 3224 1051 3303 exemplorum
1121 3224 1340 3305 inopia
1407 3223 1705 3304 impediti
1773 3242 1962 3286 usum
2042 3222 2368 3304 quendam
2438 3228 2710 3287 statuere
2790 3242 2928 3289 raro

468 3348 802 3427 possimus,
871 3349 941 3410 in
1001 3349 1365 3428 corrigendo
1428 3368 1686 3411 summa
1744 3368 1905 3430 opus
1967 3356 2063 3413 est
2124 3350 2433 3413 cautione.
2526 3350 2732 3423 Quare
2796 3351 2926 3412 noli

469 3472 687 3534 mirari
743 3474 996 3553 saepius
1043 3494 1081 3536 a
1127 3493 1249 3551 me,
1315 3494 1476 3554 quae
1523 3474 1633 3537 alii
1679 3479 2163 3556 proposuerunt,
2219 3474 2461 3551 reiecta,
2522 3493 2716 3554 quam
2766 3495 2927 3538 nova

467 3598 713 3677 prolata
759 3616 917 3660 esse:
972 3598 1276 3661 maiorem
1325 3618 1521 3679 quam
1568 3600 1680 3662 alii
1726 3599 1919 3663 fidem
1968 3599 2170 3662 habeo
2216 3599 2433 3664 codici.
