3342 5067
1404 289 1801 350 -5-

555 489 611 565 c)
656 483 882 571 Τροίης
929 489 1062 563 8,2;
1145 480 1426 568 Εἱλεβίην
1493 486 1618 561 6,6.
1696 484 1875 560 7‚13;
1966 476 2276 567 Ἰφιμεδην
2342 483 2519 559 35,8;
2602 478 2835 544 Νικάνε-

379 614 525 699 δρην
600 614 818 689 42,10;
912 608 1256 695 Πολυμήλη
1327 612 1462 688 8,6;
1558 605 1827 693 Φιλοβίη
1898 609 2079 683 31,3;
2174 604 2449 690 Σαρδίων
2522 609 2669 684 38‚3
2748 608 2837 685 (at

380 735 636 823 Σάρδεις
682 737 876 815 38,6).

556 865 622 942 d)
667 860 1134 947 ἀποδασάμενος
1167 864 1272 940 6,9
1317 863 1448 939 (cfr.
1499 882 1600 942 pg.
1635 860 1727 940 9);
1776 863 2011 944 νηήσας
2044 862 2194 937 22,9
2242 860 2331 937 (at
2362 864 2555 945 νήσας
2589 860 2832 937 14,16);

379 987 656 1073 ἐμίσγετο
704 991 853 1067 26,4
903 994 964 1053 et
1010 985 1360 1073 ἀνεμίσγετο
1410 982 1664 1062 29,13.¹

557 1114 738 1188 Quod
787 1113 1088 1178 nonnulli
1133 1112 1400 1175 editores
1445 1110 1666 1174 omnia
1712 1128 2062 1190 exaequare
2109 1110 2465 1187 voluerunt,
2521 1115 2595 1172 ut
2625 1111 2835 1173 Passo-

383 1239 522 1302 vius
552 1238 794 1318 ubique
823 1238 1138 1317 γίγνεσθαι
1169 1237 1482 1313 scriberet,
1509 1236 1872 1299 Hercherus
1904 1241 1969 1299 et
1998 1235 2207 1299 Sakol.
2234 1230 2299 1305 ἐς
2336 1234 2405 1299 in
2438 1229 2525 1305 εἰς
2556 1256 2834 1299 commu-

381 1370 590 1427 tarent
653 1364 748 1441 (in
823 1363 1169 1444 composito
1237 1382 1390 1426 sane
1455 1366 1863 1424 servaverunt
1940 1356 2057 1438 ἐς),
2140 1355 2395 1442 Σάρδεις
2473 1361 2541 1422 in
2613 1356 2837 1443 Σάρδις

383 1492 757 1566 Hercherus,
819 1488 922 1565 aL,
984 1488 1103 1551 hoc
1147 1507 1402 1570 prorsus
1447 1486 1837 1549 reiciendum
1886 1492 1996 1549 est.
2090 1486 2257 1547 Nam
2321 1485 2587 1567 plurimi
2650 1486 2833 1567 scrip·

381 1622 543 1679 tores
606 1614 966 1696 posterioris
1011 1612 1235 1677 aetatis
1293 1614 1364 1675 in
1423 1613 1526 1675 his
1572 1612 1761 1675 rebus
1808 1612 2241 1677 inconstantes
2306 1611 2568 1675 fuerunt
2629 1631 2835 1692 neque

382 1746 643 1806 constan
651 1740 771 1802 tior
815 1738 1210 1801 Parthenius.
1229 1732 1254 1771 ²

560 1866 746 1927 Hanc
800 1864 1124 1927 licentiam
1190 1863 1424 1926 formas
1489 1864 1532 1927 J
1531 1862 1745 1927 onicas
1810 1863 1876 1925 in
1943 1867 2195 1925 textum
2260 1858 2643 1926 inmiscendi
2698 1864 2833 1926 Par·

385 1989 646 2053 thenius
690 1994 910 2054 utrum
958 1990 1198 2071 patriae
1235 2007 1386 2051 suae
1433 1988 1699 2051 dialecto
1744 2008 1899 2051 usus
1930 1988 2055 2051 sibi
2084 1988 2499 2071 assumpserit
2528 2009 2611 2050 an
2643 1989 2835 2051 Hero-

387 2114 609 2177 dotum
657 2119 928 2193 secutuS‚
983 2134 1162 2195 aegre
1207 2112 1544 2179 discernas,
1636 2114 1891 2176 Certum
1941 2118 2036 2176 est
2098 2132 2246 2175 eum
2307 2117 2371 2189 et
2430 2113 2499 2176 in
2556 2115 2674 2177 hoc
2721 2134 2841 2179 usu

384 2239 634 2319 longius
681 2239 1052 2321 processisse
1081 2220 1468 2323 scriptorum⁴
1492 2239 1912 2303 recentiorum
1946 2238 2241 2319 plurimis
2273 2244 2335 2301 et
2369 2239 2627 2320 penitus
2658 2260 2840 2305 nosse

385 2364 802 2430 Herodotum.
1374 2356 1380 2362 ’
2738 2444 2741 2447 ἦ

563 2492 860 2572 Namque
907 2512 1036 2555 non
1083 2491 1388 2557 vocabula
1415 2496 1673 2554 tantum
1720 2490 2001 2566 adhibet,
2052 2508 2215 2570 quae
2261 2495 2449 2553 antea
2495 2511 2683 2554 nemo
2716 2492 2841 2555 nisi

386 2616 746 2681 Herodotus
792 2623 904 2680 aut
949 2622 1195 2698 praeter
1240 2636 1386 2679 eum
1437 2617 1623 2699 pauci
1668 2620 2161 2697 usurpaverunt,
2220 2615 2328 2678 sed
2386 2615 2661 2696 integras
2725 2618 2837 2680 for-

303 2740 308 2745 ’
387 2743 598 2807 mulas
642 2745 1044 2824 integrasque
1090 2742 1218 2805 fere
1264 2743 1612 2807 sententias
1644 2763 1725 2806 ex
1756 2742 1892 2805 eius
1937 2741 2117 2803 libris
2153 2740 2224 2803 in
2256 2760 2611 2805 sermonem
2645 2761 2839 2805 suum

389 2869 639 2949 recepit.
733 2869 789 2930 A
835 2868 1174 2931 Parthenio
1220 2867 1412 2948 igitur
1455 2866 1673 2942 oritur,
1736 2870 2053 2946 quantum
2102 2865 2358 2942 scimUS,
2420 2866 2608 2929 series
2654 2866 2841 2947 scrip·

390 3002 602 3056 torum
633 3013 872 3070 eorum,
920 3014 1080 3073 quos
1111 2992 1508 3057 Herodotum
1555 2992 1680 3056 sibi
1709 2990 2101 3055 imitandum
2133 2991 2529 3072 proposuisse
2559 2997 2839 3072 apparet,

391 3118 725 3181 Nicolaum
793 3120 1259 3182 Damascenum
1323 3120 1480 3196 dico,
1556 3118 1923 3194 Arrianum‚
1996 3116 2356 3193 Aelianum,
2437 3116 2838 3193 Pausaniam,

392 3245 794 3309 Antoninum
843 3244 1216 3322 Liberalem,
1257 3220 1441 3309 alios,
1512 3245 1798 3319 Quorum
1846 3264 1963 3306 sua
2008 3261 2329 3325 quemque
2374 3242 2618 3306 ratione
2648 3243 2837 3304 Hero·

391 3370 615 3434 dotum
663 3371 989 3434 imitatum
1037 3390 1170 3434 esse
1216 3374 1332 3452 par
1375 3376 1486 3433 est.
1566 3369 1984 3432 Parthenium
2032 3367 2331 3430 existimo
2366 3366 2521 3431 adeo
2550 3367 2621 3429 in
2668 3366 2843 3430 unici

392 3496 566 3558 illius
628 3495 1002 3560 fabulatoris
1061 3495 1252 3559 libros
1315 3514 1381 3557 se
1445 3494 1823 3570 insinuasse,
1887 3498 1963 3556 ut
2029 3513 2157 3556 non
2228 3493 2435 3556 solum
2505 3498 2714 3574 partes
2773 3493 2842 3555 in

393 3620 700 3684 memoria
754 3621 1065 3697 habuerit,
1134 3639 1353 3683 verum
1412 3620 1606 3683 etiam
1673 3618 1845 3683 illius
1891 3618 2073 3698 quasi
2136 3617 2353 3699 lingua
2416 3618 2665 3681 locutus
2732 3618 2839 3691 sit;

391 3746 615 3811 stolide
661 3746 951 3811 imitatus
996 3766 1127 3809 non
1173 3751 1290 3809 est.

569 3872 751 3946 Quod
799 3893 928 3937 non
975 3878 1110 3935 tam
1180 3872 1416 3955 exponi
1468 3876 1678 3954 potest
1722 3891 1916 3951 quam
1950 3871 2191 3933 sentiri.
2272 3871 2610 3950 Compares
2656 3870 2847 3949 igitur

395 3996 602 4074 velim,
652 4004 728 4061 ut
773 3998 1082 4080 exemplis
1129 4003 1292 4075 utar,
1352 4016 1498 4061 cum
1548 3996 1876 4059 Parthenii
1923 3996 2157 4059 fabulis
2222 4026 2304 4039 -—
2371 4013 2619 4077 pannos
2683 3994 2842 4070 illos,

394 4121 567 4185 velut
602 4122 779 4199 XIX,
803 4123 946 4200 XX,
967 4123 1258 4185 XXVIII
1279 4123 1360 4185 al.
1395 4141 1548 4187 sane
1579 4122 1868 4201 neglegas
1909 4154 1979 4165 -·
2019 4119 2525 4183 narratiunculas
2557 4119 2635 4181 de
2672 4119 2847 4198 Gyge

396 4249 460 4308 et
505 4246 846 4311 Candaulis
890 4268 1086 4311 uxore
1127 4249 1178 4324 I,
1230 4250 1269 4310 8
1301 4268 1393 4328 sq.
1444 4247 1523 4310 de
1561 4248 1775 4310 Xerxe
1821 4252 1885 4309 et
1929 4246 2207 4309 Masistis
2252 4245 2515 4325 coniuge
2546 4243 2659 4319 IX,
2701 4244 2873 4335 108„

573 4428 591 4458 1
634 4424 719 4476 De
757 4425 901 4497 φημὶ
937 4428 996 4477 et
1033 4425 1171 4478 καὶω
1211 4441 1262 4479 v.
1301 4441 1391 4491 pg.
1433 4426 1500 4477 28
1541 4428 1599 4477 et
1636 4426 1722 4475 29.

575 4526 595 4557 2
634 4522 748 4575 Ofr.
788 4523 1016 4589 Passov.
1055 4524 1128 4577 ad
1166 4524 1238 4589 X,
1278 4527 1334 4588 43
1374 4522 1608 4576 Martini
1642 4522 1742 4575 1.1.
1775 4522 1937 4574 LXX
1962 4536 2043 4587 sq.
