3342 5067
1487 292 1927 353 -36-..

656 485 825 549 πλεῖν
859 480 957 548 ἐπί
983 508 1032 550 c.
1066 508 1228 566 gen„
1272 486 1441 567 quod
1475 486 1604 550 iam
1645 486 1818 569 apud
1856 484 2297 568 Thucydidem
2328 486 2362 547 Ι
2399 486 2525 547 116
2572 484 2651 548 al.
2686 484 2923 549 inveni·

477 615 598 687 tur,
647 611 857 674 Parth.
910 613 1103 688 34,16
1150 611 1414 689 (34,19).
1508 612 1673 675 Cum
1722 613 1916 687 31,19
1978 616 2182 675 exstet
2228 603 2324 673 ἐπ’
2370 606 2542 673 οἴκου
2591 608 2926 694 διεκόμισεν

477 736 679 813 (Dem.
733 737 910 814 9‚48;
977 737 1176 800 Thuc.
1226 757 1438 820 saepe;
1507 740 1658 802 Con.
1713 739 1849 816 44),
1918 738 2069 814 40‚4
2115 738 2599 819 παραγενόμενος
2663 728 2764 795 ἐπὶ
2820 736 2926 818 τὴν

481 854 695 923 οἰκίαν.
756 861 887 924 Nec
920 860 1367 925 obliviscamur
1398 884 1437 926 a
1465 862 1916 945 posterioribus
1952 881 2219 925 casuum
2250 862 2521 925 alterum
2554 880 2701 924 cum
2734 860 2928 925 altero

478 984 816 1049 confusum
865 1004 1020 1058 esse;
1071 985 1149 1048 de
1197 981 1294 1048 ἐπί
1337 1007 1390 1051 c.
1438 987 1567 1051 dat.
1615 988 1789 1069 apud
1838 991 2131 1071 πτοέομαι
2176 1008 2231 1050 v.
2283 1008 2385 1069 pg.
2438 988 2537 1049 14.

657 1111 748 1173 De
811 1130 1000 1174 causa
1059 1109 1400 1175 adhibetur
1456 1106 1554 1174 ἐπί
1601 1113 1785 1189 9,20:
1859 1106 1957 1174 ἐπὶ
2028 1114 2257 1174 συνέσει
2325 1109 2769 1192 διαβεβοῆσθαι
2824 1108 2921 1188 (A.

481 1234 617 1299 Lib.
673 1237 885 1313 85‚18.
941 1236 1161 1315 8223)
1212 1239 1401 1312 12,16
1451 1230 1548 1300 ἐπὶ
1597 1246 1725 1308 τοῖς
1774 1236 2233 1321 συμβεβηκόσιν.

660 1362 855 1438 49,18
885 1355 1109 1444 Ῥῆσος
1141 1360 1208 1422 δὲ
1239 1361 1728 1447 μαλακιζόμενος
1760 1356 1857 1424 ἐπὶ
1884 1369 2037 1445 μονῇ
2072 1356 2185 1425 οὐκ
2215 1356 2503 1446 ἠνέσχετο
2523 1362 2633 1424 vix
2663 1379 2923 1437 sanum;

481 1485 654 1548 haud
722 1486 849 1549 scio
917 1506 999 1548 an
1056 1506 1170 1568 pro
1215 1482 1358 1549 ΕΠΙ
1428 1486 1833 1551 scribendum
1894 1487 1979 1551 sit
2022 1480 2191 1561 ΤΗΙ;
2258 1487 2560 1550 articulus
2614 1486 2733 1550 hoo
2796 1487 2930 1551 loco

482 1610 895 1686 desideratum
936 1630 1047 1692 per
1083 1607 1255 1673 «ἐπί»
1294 1614 1620 1694 proximae
1651 1614 1858 1676 lineae
1903 1613 2076 1677 locus
2121 1618 2450 1695 corruptus
2496 1633 2629 1675 esse
2659 1612 2925 1676 videtur.

659 1730 758 1799 ἐπὶ
805 1736 1009 1820 μισθῷ
1057 1733 1324 1817 ἄγεσθαι
1372 1739 1522 1815 42,9
1570 1758 1647 1801 ex
1696 1738 2005 1802 Herodoti
2049 1739 2091 1800 l.
2127 1739 2285 1802 VIII
2322 1736 2444 1800 137
2494 1732 2785 1822 ἐθήτευον
2831 1731 2923 1798 ἐπὶ

484 1861 691 1946 μισθῷ
739 1862 846 1925 cfr.
895 1863 930 1925 I
978 1864 1149 1938 60,8.
1206 1864 1416 1939 160‚6.
1467 1864 1559 1925 IV
1607 1865 1713 1940 9,9
1759 1863 1936 1942 (Ant.
1984 1862 2121 1926 Lib.
2179 1864 2413 1941 119‚8).

664 1989 827 2051 Cum
861 1989 1055 2065 30,22
1103 1990 1600 2071 παραγενομένων
1650 1981 1750 2051 ἐπὶ
1786 1982 2041 2072 Ἑλένης
2088 1984 2404 2072 ἀπαίτησιν
2448 1987 2558 2050 cfr.
2610 1988 2761 2049 Her.
2804 1986 2927 2049 VII

485 2117 567 2177 32
617 2109 930 2198 ἀπέπεμψε
979 2110 1077 2176 ἐπὶ
1123 2122 1236 2197 γῆς
1283 2110 1537 2198 αἴτησιν.

660 2232 759 2301 ἐπὶ
804 2239 978 2309 τέλος
1024 2236 1185 2319 ἄγειν
1235 2240 1429 2315 20,10
1477 2260 1556 2302 ex
1602 2238 1862 2321 Polybio
1908 2244 2133 2303 notum
2182 2245 2294 2303 est.

661 2358 756 2425 ἐπί
813 2372 1038 2428 neutro
1099 2364 1553 2427 adiectivorum
1616 2364 1971 2427 adiectum:
2039 2364 2190 2440 9‚20
2251 2358 2345 2427 ἐπὶ
2406 2367 2581 2447 μέγα,
2633 2361 2780 2440 32,7
2830 2357 2929 2425 ἐπὶ

484 2489 708 2570 μεῖζον,
760 2487 906 2565 13,7
956 2483 1054 2552 ἐπὶ
1100 2488 1398 2563 πλεῖστον,
1451 2490 1644 2566 11,16
1694 2483 1791 2551 ἐπ’
1838 2484 2058 2569 ὀλίγον.

661 2607 797 2683 ἕως
843 2615 1220 2695 praepositio
1263 2634 1316 2678 c.
1363 2634 1502 2694 gen.
1571 2613 1745 2694 apud
1799 2614 2171 2677 vetustiores
2228 2633 2358 2675 non
2414 2614 2741 2676 invenitur
2803 2612 2929 2675 nisi

483 2736 553 2799 in
600 2736 842 2816 legibus
886 2737 1162 2801 insitivis
1207 2738 1378 2820 apud
1425 2739 1649 2801 Aesch.
1700 2739 1733 2799 I
1783 2739 1894 2815 16,
1956 2740 2135 2801 Dem.
2193 2740 2449 2815 18,106,
2510 2757 2671 2818 quae
2727 2756 2930 2799 recen-

486 2861 752 2926 tioribus
797 2862 1188 2944 temporibus
1232 2869 1403 2927 ortae
1449 2870 1618 2927 sunt.
1712 2864 1911 2944 Saepe
1956 2864 2025 2925 in
2072 2864 2148 2926 N.
2185 2864 2255 2925 T.
2304 2864 2434 2941 (cfr.
2486 2861 2707 2938 Krebs,
2756 2863 2931 2924 Prae-

487 2987 1041 3068 positionsadverb.
1092 2989 1176 3065 II,
1227 3009 1326 3070 pg.
1369 2989 1478 3061 13;
1531 2988 1794 3051 Schmid
1844 2990 1971 3052 Att.
2024 2989 2115 3051 IV
2165 2988 2343 3066 638);
2401 2989 2565 3065 19‚6.
2617 2988 2767 3063 33,5
2816 2980 2933 3055 ἕως

488 3112 596 3196 μέν
644 3132 802 3183 τινος
852 3139 934 3163 ---
983 3116 1204 3197 μέχρι
1251 3115 1356 3196 μέν
1403 3133 1561 3183 τινος
1608 3114 1779 3190 31,1.

666 3240 850 3301 κατὰ
909 3244 1021 3319 γῆς
1068 3236 1390 3321 (κείμενος)
1454 3241 1600 3313 11,5
1660 3265 1743 3289 =
1816 3239 1923 3299 «in
1988 3243 2168 3315 terra,
2234 3257 2347 3319 per
2405 3243 2701 3301 terram».
2795 3238 2932 3299 Hoc

486 3363 675 3426 modo
721 3367 881 3425 κατά
926 3364 1098 3445 apud
1143 3363 1480 3445 Polybium
1529 3370 1592 3427 et
1635 3365 1707 3426 in
1752 3364 1829 3426 N.
1880 3364 1951 3425 T.
2000 3363 2341 3426 adhibetur
2384 3363 2516 3441 (cfr.
2568 3361 2771 3426 Krebs
2812 3362 2929 3426 1.1.

486 3509 588 3570 pg.
639 3488 722 3565 9).

663 3615 823 3675 κατά
868 3632 917 3675 c.
969 3632 1091 3675 acc.
1141 3612 1269 3675 illis
1314 3612 1709 3695 temporibus
1764 3612 2111 3677 increbruit
2168 3613 2300 3690 (cfr.
2351 3612 2613 3677 Schmid
2663 3613 2792 3674 Att.
2843 3612 2934 3673 IV

491 3738 659 3815 456).
740 3736 1040 3818 Polybius
1080 3738 1247 3799 hanc
1276 3738 1805 3819 praepositionem
1844 3738 2047 3800 multo
2093 3738 2343 3817 saepius
2389 3756 2583 3817 quam
2630 3737 2785 3801 alias
2830 3736 2933 3799 ad-

489 3862 683 3925 hibet.
777 3863 908 3925 Nec
953 3882 1083 3926 non
1129 3864 1340 3925 Parth.
1393 3864 1558 3943 large
1604 3865 1809 3928 utitur
1856 3865 1976 3927 hac
2020 3862 2502 3945 praepositione.
2596 3862 2717 3925 Sed
2774 3862 2936 3926 κατὰ

489 3989 594 4070 τὴν
638 3983 920 4050 Σικελίαν
970 3988 1122 4065 44,6
1169 3988 1335 4065 (sim.
1374 3990 1589 4065 43,19.
1642 3989 1819 4067 9,17)
1865 3988 2155 4050 nondum
2204 3986 2515 4067 significat
2560 3985 2601 4049 i.
2641 4007 2701 4067 q.
2754 3983 2813 4048 ὲν
2858 3994 2933 4068 τῇ

490 4108 740 4194 Σικελίᾳ
797 4112 907 4174 sed
954 4113 996 4174 i.
1046 4133 1106 4193 q.
1184 4112 1454 4176 «alicubi
1513 4114 1582 4175 in
1631 4113 1881 4176 Sicilia»
1935 4112 2068 4190 (cfr.
2120 4112 2384 4175 Schmid
2429 4114 2560 4175 Att.
2611 4113 2703 4173 IV
2752 4112 2931 4188 459);

488 4238 630 4300 sim.
683 4238 900 4313 42,16.
964 4238 1184 4313 38,11.
1237 4240 1450 4315 21,18.
1513 4239 1689 4315 49‚2;
1752 4243 1819 4301 at
1883 4238 2148 4300 aliarum
2198 4238 2739 4318 praepositionum
2800 4238 2937 4300 loco

488 4363 772 4443 positum
821 4381 954 4424 esse
1002 4361 1253 4425 videtur
1300 4364 1493 4438 20,18
1543 4365 1703 4425 κατὰ
1750 4364 1855 4446 τὴν
1911 4361 2136 4425 πυλίδα
2190 4363 2299 4424 cfr.
2352 4364 2577 4438 46,11;
2643 4366 2803 4425 κατά
2851 4388 2933 4413 ---

500 4492 791 4549 «contra»
847 4488 997 4562 36,8
1043 4484 1174 4562 (cfr.
1224 4490 1399 4568 περί).
