3342 5067
1362 298 1885 397 ·—-60—

442 521 641 595 v111.
685 522 993 593 Fabulae
1039 523 1170 592 aut
1215 522 1538 593 oratione
1584 524 1793 593 reeta
1846 525 1977 594 aut
2024 524 2359 595 oratione
2407 526 2689 615 obliqua
2745 528 2875 629 aut

763 647 1030 737 partim
1073 649 1276 719 reeta
1319 649 1580 737 partim
1626 650 1911 739 obliqua
1955 651 2298 720 narratae
2346 651 2539 721 sunt.

620 816 918 880 Oratione
962 820 1130 879 recta
1173 815 1378 878 utitur
1438 815 1504 877 P.
1553 816 1624 878 in
1676 819 1731 879 1.
1798 817 1856 879 2.
1909 817 1967 879 3.
2029 820 2086 879 4.
2151 818 2211 879 5.
2263 818 2319 880 7.
2373 819 2431 880 8.
2493 819 2551 880 9.
2621 819 2721 881 10.
2781 821 2875 882 13.

449 944 546 1005 14.
603 943 703 1004 15.
758 942 858 1004 18.
911 942 1010 1003 19.
1062 943 1164 1003 23.
1217 942 1318 1004 24.
1372 940 1473 1003 25.
1527 942 1628 1003 26.
1682 942 1783 1003 32.
1836 942 1939 1019 35,
1989 942 2269 1006 oratione
2322 941 2581 1024 obliqua
2644 944 2714 1005 in
2780 946 2876 1006 11.
2976 987 2981 992 -

445 1070 545 1131 20.
599 1068 702 1130 22.
754 1065 858 1131 27.
907 1067 1010 1129 30.
1063 1067 1164 1129 31.
1217 1067 1321 1130 33.
1412 1067 1649 1130 Partim
1698 1071 1865 1131 reeta
1907 1067 2143 1151 partim
2189 1067 2465 1149 obliqua,
2524 1069 2617 1131 ita
2664 1073 2735 1131 ut
2802 1090 2880 1132 ex

440 1214 526 1256 or.
560 1192 684 1255 obl.
720 1192 801 1254 ad
832 1198 1065 1256 rectam
1105 1197 1412 1256 transeat:
1460 1194 1498 1254 6
1531 1211 1735 1274 usque
1764 1194 1846 1256 ad
1882 1194 2057 1273 14,1;
2097 1195 2494 1271 12—-24,18;
2537 1196 2877 1273 16—31,5.

446 1315 792 1393 17-32,4.
855 1318 1246 1393 21-36‚15.
1322 1318 1714 1396 28—43,1o.
1782 1320 2146 1396 36—49‚2;
2214 1325 2327 1383 aut
2372 1326 2603 1383 rectam
2652 1319 2882 1384 deinde

439 1440 762 1521 obliquam
810 1440 1135 1505 adhibeat:
1187 1443 1271 1505 32
1319 1461 1522 1523 usque
1553 1442 1634 1505 ad
1670 1444 1883 1522 46,13‚
1932 1444 2046 1508 ubi
2082 1465 2321 1510 novum
2354 1444 2509 1526 quid
2544 1445 2877 1528 incipitur;

439 1572 553 1631 aut
596 1573 850 1645 rect-am,
898 1566 1245 1649 obliquam,
1294 1556 1530 1633 rectam
1581 1569 1687 1632 29.

1373 1760 1503 1829 IX.
1550 1760 1945 1849 Prolepsis:

618 1902 753 1991 πρὶν
798 1904 839 1993 ἢ
885 1911 1102 1988 γνῶναί
1147 1929 1201 1971 τι
1246 1909 1465 1972 τουτων
1513 1904 1599 1979 ὡς
1643 1906 1777 1994 ἔχει
1822 1910 2148 1973 invenitur
2194 1910 2326 1989 9‚7;
2398 1913 2549 1990 33,4
2595 1917 2880 1997 γνωρίσαι

439 2036 543 2121 τὴν
591 2032 914 2118 ἄνθρωπον
962 2030 1091 2118 ἥτις
1138 2030 1211 2119 ἠν
1256 2034 1388 2112 (cfr.
1439 2036 1664 2112 41‚23;
1723 2037 1885 2148 1034.
1938 2037 2116 2113 30,9;
2174 2038 2384 2114 11,20.
2434 2040 2632 2117 38,9).

947 2227 1041 2297 X.
1084 2226 1450 2298 Notabilia
1493 2227 1829 2299 videntur
1874 2227 2093 2299 etiam
2139 2230 2357 2301 haee:

621 2376 811 2452 13,18
883 2374 1084 2439 ἄθλου
1151 2382 1546 2460 προκειμένου
1614 2386 1725 2463 τῆς
1790 2372 2011 2463 κόρηςς
2086 2381 2278 2457 25,13
2327 2375 2649 2465 Κλὺμενος
2704 2392 2878 2466 γεννᾷ

443 2500 686 2578 παῖδας,
736 2499 992 2585 ἄρρενας
1037 2502 1144 2585 μὲν
1191 2536 1271 2545 --
1324 2501 1666 2585 θυγατέρας
1712 2500 1781 2565 δέ
1825 2503 2001 2581 (Con.
2057 2505 2137 2567 10
2182 2505 2293 2568 efr.
2344 2506 2469 2583 49).

1446 2748 1530 2761 Ν

444 2957 562 3063 G.
596 2961 752 3062 De
783 2959 1333 3061 Parthenii
1363 2990 1653 3061 more
1686 2961 2234 3088 voeabula,
2253 2932 2873 3092 locutiones,

1030 3122 1624 3224 sententias
1687 3122 2260 3252 repetendi.

1593 3290 1703 3305 &NV

616 3368 950 3445 OmnibUS,
1000 3370 1112 3449 qui
1143 3369 1443 3446 scribunt,
1478 3367 1754 3433 accidere
1784 3368 1959 3446 solet,
1988 3376 2060 3431 ut
2095 3369 2265 3432 intra
2294 3389 2561 3451 parvum
2595 3372 2875 3453 spatium

432 3494 609 3579 idem
641 3492 1016 3557 vocabulum
1055 3494 1284 3571 redeat,
1333 3495 1596 3576 proinde
1631 3514 1705 3557 ae
1735 3494 1790 3557 si
1829 3494 1900 3557 in
1944 3495 2251 3557 memoria
2288 3495 2631 3559 inhaerens
2676 3517 2874 3577 quam
2952 3490 2957 3497 ’

437 3616 756 3681 celerrime
801 3618 985 3681 nobis
1029 3619 1250 3683 invitis
1295 3639 1510 3683 rursus
1558 3620 1709 3685 velit
1752 3620 2057 3697 adhiberi,
2108 3626 2197 3697 ut,
2248 3620 2375 3684 nisi
2421 3621 2731 3702 seriptum
2779 3622 2869 3684 di-

437 3743 702 3823 ligenter
746 3750 1156 3823 recenseatur,
1206 3745 1362 3809 talia
1405 3766 1591 3827 saepe
1635 3747 1931 3827 irrepant.
2011 3748 2111 3810 Ita
2156 3747 2224 3810 in
2256 3746 2578 3810 Parthenii
2625 3766 2877 3827 quoque

435 3869 650 3932 libello
695 3870 1006 3933 nonnulla
1051 3871 1363 3934 eiusmodi
1417 3871 1851 3948 inveniuntur,
1918 3878 1993 3935 ut
2059 3874 2129 3935 in
2188 3872 2460 3949 exordi0,
2525 3872 2701 3937 brevi
2764 3872 2879 3935 illa

437 3994 726 4076 epistula,
793 3996 995 4058 sexies
1039 3994 1310 4074 legimus
1373 3989 1558 4065 αὐτός
1620 3996 2016 4079 pronominis
2078 3997 2341 4063 formas:
2406 3992 2745 4068 αὒτοτελῶς
2794 4031 2875 4041 --

438 4110 598 4201 αὐτῷ
649 4152 732 4161 ——
780 4113 972 4182 αὐτῶν
1019 4154 1102 4163 --
1151 4115 1355 4191 αὐτοῖς
1405 4156 1484 4163 —-
1533 4114 1727 4184 αὐτῶν
1784 4155 1869 4165 -
1934 4116 2109 4195 αὐτά,
2170 4128 2263 4185 ter
2317 4121 2613 4205 μάλιστας
2676 4122 2745 4185 in
2792 4120 2876 4184 fa·

436 4245 587 4308 bula
631 4245 885 4307 XXVII
931 4251 1152 4324 quater
1197 4246 1398 4309 πολλά
1444 4246 1730 4327 legimus,
1780 4247 1850 4308 in
1895 4246 2020 4310 fab.
2069 4244 2335 4323 XXXV,
2386 4268 2484 4327 pg.
2537 4248 2731 4323 48,13
2780 4268 2875 4328 sq.

436 4366 522 4439 ὡς
568 4366 641 4433 ἐκ
687 4368 915 4432 πολλοῦ
962 4372 1184 4453 χρόνου
1231 4372 1432 4456 συνείη
1466 4364 1618 4455 αὐτῇ
1654 4404 1735 4415 ·—
1771 4365 1803 4434 ὁ
1850 4368 1918 4433 δὲ
1964 4370 2155 4444 πολὺς
2202 4365 2413 4455 ὅμιλος
2442 4371 2596 4436 πολὺ
2641 4372 2875 4457 μᾶλλον

437 4490 706 4558 ἐδικαίου
755 4530 825 4540 --
886 4501 1000 4558 etc.
