3342 5067
1417 293 1857 359 ...47—

415 496 740 574 exspectes
784 491 1218 572 praeteritum,
1266 491 1443 555 velut
1489 492 1658 567 9‚19.
1700 492 1866 567 13,8.
1921 491 2115 568 24,14
2162 496 2225 555 et
2276 493 2355 553 16
2403 497 2466 555 et
2509 494 2605 555 17.
2643 470 2856 569 30,23.

417 619 590 693 31,2.
643 616 839 693 35,14
886 620 951 679 et
1000 614 1102 678 17.
1156 616 1307 680 36.9
1354 615 1446 693 (at
1493 613 1691 693 36,7).
1740 616 1936 691 44,15
1983 615 2063 678 al.
2124 616 2319 692 46‚15
2372 617 2568 694 (32,3.
2620 616 2857 696 48‚22).

593 744 650 805 3.
699 742 1154 825 Imperfectum
1199 742 1385 806 iuxta
1430 762 1727 824 praesens
1778 736 2024 820 11¹⁷l1s.
2064 736 2259 818 31611.
2308 736 2569 821 32⁸l9l10
2610 744 2691 805 al.
2724 744 2857 821 (cfr.

417 870 566 933 Bast
609 869 650 933 1.
687 868 726 931 l.
782 868 950 946 218).

591 994 650 1057 4.
699 995 1152 1076 Imperfectum
1177 993 1394 1057 aoristi
1438 999 1551 1056 aut
1579 992 1931 1075 praesentis
1962 994 2123 1057 loco:
2178 994 2345 1070 12,9.
2388 994 2598 1070 17,17.
2644 993 2855 1073 17‚21.

418 1120 761 1196 19,5—-10.
815 1121 1030 1197 20,20.
1082 1120 1297 1196 21,16.
1349 1119 1519 1197 27,5.
1570 1119 1786 1195 30,12.
1837 1119 2053 1195 34,18.
2105 1118 2319 1195 41,18.

593 1246 651 1307 5.
699 1244 1153 1327 Imperfectum
1209 1262 1324 1326 pro
1377 1242 2025 1325 plusquamperfecto:
2092 1240 2283 1328 ἔφατο
2339 1244 2547 1321 10,16,
2608 1240 2861 1326 ἐπεβώ-

413 1368 584 1433 λευεν
633 1371 734 1447 30,
751 1371 848 1432 12.

593 1496 650 1559 6.
699 1497 1017 1572 Praesens,
1088 1496 1202 1559 ubi
1266 1495 1711 1577 imperfectum
1776 1501 2125 1579 exspectes:
2194 1493 2301 1572 9,7
2363 1490 2450 1565 ὡς
2494 1492 2642 1578 ἔχει,
2713 1497 2858 1573 10,8

415 1614 499 1689 ὡς
547 1617 658 1683 δεῖ.

590 1743 650 1808 7.
698 1745 1343 1827 Plusquamperfectis
1387 1746 1768 1827 opusculum
1815 1744 2117 1809 abundat.

591 1871 653 1933 8.
701 1870 1000 1934 Praesens
1045 1870 1358 1952 significat
1401 1870 1720 1953 scriptoris
1764 1871 1967 1952 ipsius
2012 1875 2282 1935 aetatem
2328 1868 2464 1948 (ubi
2510 1869 2684 1933 locus
2724 1869 2858 1950 qui-

413 1992 560 2057 dam
612 1994 1008 2077 describitur)
1058 1997 1270 2073 16,14.
1325 1998 1490 2074 19‚2.
1542 1996 1715 2074 42‚3.

596 2122 654 2183 9.
705 2121 937 2185 Aoristi
983 2121 1343 2185 infinitivus
1388 2141 1502 2203 pro
1546 2121 1867 2186 infinitivo
1910 2120 2139 2187 futuri:

600 2246 790 2322 11,15
839 2240 1114 2330 οἰόμενος
1162 2282 1248 2291 -
1294 2243 1799 2324 ἀπαλλάξασθαι,
1853 2248 2002 2325 6,22
2045 2246 2410 2330 βουλόμενος
2453 2280 2515 2289 —-
2557 2238 2859 2326 γενέσθαι,

418 2371 522 2447 32,
530 2370 612 2433 23
660 2368 824 2449 λέγει
869 2404 954 2416 --
1002 2368 1360 2457 ἀφικέσθαι,
1417 2374 1564 2450 36,1
1616 2369 1948 2452 ἀπέστυγεν
2014 2406 2091 2417 -
2152 2372 2457 2453 γενέσθαι,
2513 2370 2687 2452 apud
2733 2366 2861 2442 οἷός

416 2498 482 2558 τέ
529 2489 651 2578 εἰμι
695 2497 885 2573 10,10
917 2502 981 2561 et
1018 2496 1094 2559 17
1135 2497 1265 2575 (cfr.
1301 2498 1575 2562 Kiihner
1591 2499 1659 2561 II
1697 2500 1838 2575 160,
1847 2500 1905 2576 3,
1954 2499 2227 2579 Wagner
2254 2496 2448 2579 praef.
2496 2496 2578 2559 ad
2610 2496 2856 2577 Apollo-

416 2618 663 2698 dorum,
712 2621 959 2705 Kayser
1000 2623 1197 2704 praef.
1244 2624 1324 2687 ad
1372 2622 1662 2689 Philostr.
1713 2624 1973 2701 XXIV).

1387 2817 1456 2901 c)
1500 2816 1603 2885 De
1647 2814 1900 2886 modis,

1228 3022 1233 3027 .
1304 2975 1360 3036 1.
1408 2975 1510 3037 De
1556 2973 1977 3038 infinitivo,

595 3125 940 3189 Infinitivis
1003 3125 1169 3205 large
1233 3125 1435 3187 utitur
1492 3124 1888 3189 Parthenius.
1992 3122 2198 3186 Verba
2260 3122 2514 3186 dicendi
2573 3122 2859 3202 sequitur

419 3250 524 3313 hic
567 3248 926 3314 infinitivus
981 3249 1114 3313 illic
1175 3250 1536 3313 coniunctio
1583 3245 1697 3324 ὡςς
1766 3243 1855 3312 ὅτι
1916 3248 2113 3313 semel
2176 3243 2383 3311 exstat
2434 3248 2598 3322 10,9.
2695 3247 2856 3310 Cum

419 3373 499 3439 ab
546 3394 667 3439 usu
713 3375 1008 3439 soUemni
1071 3376 1181 3439 vix
1240 3396 1530 3457 unquam
1595 3375 1929 3439 abhorreat
1988 3374 2124 3439 eius
2178 3373 2587 3449 consuetude,
2654 3390 2857 3453 pauca

419 3499 583 3561 mihi
628 3499 944 3563 afferenda
988 3507 1161 3565 sunt.

596 3619 874 3708 ὥρμησεν
927 3624 1117 3702 19,1’7
1165 3646 1214 3689 c.
1250 3646 1408 3708 puro
1438 3626 1577 3703 inf„
1611 3635 1679 3689 at
1711 3626 1909 3702 30‚15
1948 3621 2047 3689 ἐπὶ
2077 3626 2143 3688 τὸ
2177 3623 2639 3707 διεργάσασθαι,
2687 3622 2857 3702 quod

421 3754 766 3830 utrumque
810 3752 1046 3832 passim
1095 3752 1395 3834 Polybius
1430 3752 1711 3815 adhibet.

327 3958 338 3969 Ο
507 3927 509 3929 .
598 3874 838 3954 λέγεται
884 3871 1122 3957 ubique
1167 3896 1310 3940 cum
1359 3896 1482 3939 acc.
1535 3896 1584 3939 c.
1631 3876 1746 3938 inf.
1798 3876 2203 3955 coniungitur
2246 3873 2441 3955 (quod
2486 3874 2616 3936 iam
2665 3873 2858 3935 Hero-

418 3998 608 4061 dotus
653 4018 903 4082 semper
947 4000 1138 4079 fecit):
1191 4001 1335 4077 13,5
1382 4000 1618 4079 λέγεται
1660 3995 1891 4062 Σίθονα
1927 4033 2016 4043 --
2045 4007 2343 4083 γεννῆσαι,
2371 3998 2585 4075 ·24,13
2619 3996 2744 4076 λεγ.
2772 4030 2859 4041 -

423 4118 682 4206 Κάλχον
704 4118 1044 4205 ἐρασθέντα
1075 4160 1140 4169 -
1173 4121 1502 4207 ἐπιτρέπειν
1535 4125 1706 4200 32,2.
1737 4124 1906 4200 34,5.
1940 4124 2155 4201 35,1·2.
2192 4125 2363 4200 36,6.
2399 4122 2615 4199 44,11.
2642 4122 2856 4197 48,21.

599 4248 748 4326 45,3
797 4269 890 4330 sq.
937 4250 1100 4313 cod.:
1149 4249 1388 4329 λέγεται
1422 4282 1505 4293 --
1536 4244 1820 4333 Διμοίτην
1868 4246 2265 4331 ἁρμόσασθαι
2297 4282 2383 4291 -
2414 4242 2861 4329 αἰσθανόμενος

426 4369 494 4432 δὲ
538 4404 622 4415 ———
671 4371 965 4457 δηλῶσαι,
1013 4376 1180 4455 quod
1227 4374 1430 4438 invito
1458 4375 1797 4438 Parthenio
1843 4375 2070 4437 servari
2118 4379 2302 4455 puto;
2355 4394 2506 4435 nam
2540 4364 2859 4451 nusquam

427 4498 931 4560 constructiones
977 4500 1068 4561 sic
1112 4497 1449 4563 confundit
1491 4498 1809 4581 (Heynius
1855 4500 2016 4562 iam:
2064 4519 2164 4562 -ον
2209 4498 2497 4578 scripsit).
