3342 5067
1406 446 1535 462 ......

514 1210 844 1275 arthenius
867 1210 1238 1305 Nicaeensis
1259 1211 1424 1275 inter
1453 1229 1687 1293 paucos
1716 1213 1932 1293 poetas
1957 1210 2223 1274 Graecos
2252 1213 2346 1274 est
2375 1230 2496 1287 eos,
2531 1226 2801 1291 quorum

363 1214 510 1407 P
557 1336 802 1417 aliquid
861 1337 1054 1400 etiam
1119 1337 1326 1400 soluta
1383 1337 1693 1419 scriptum
1752 1337 2033 1399 oratione
2092 1341 2407 1400 servatum
2470 1336 2800 1399 habemus.

361 1461 604 1525 Unicus
650 1468 745 1525 est
783 1462 950 1525 inter
977 1482 1199 1525 omnes
1243 1462 1575 1543 scriptores
1607 1462 1893 1539 Graecoe,
1943 1460 2112 1541 quod
2160 1460 2227 1523 in
2260 1461 2380 1525 hoc
2409 1480 2557 1537 unc,
2608 1480 2805 1540 quan-

363 1592 572 1667 topere
627 1588 1062 1650 Romanorum
1127 1587 1340 1651 studia
1403 1588 1655 1651 Graecis
1720 1586 1993 1668 ingeniis
2056 1587 2249 1649 ducta
2313 1587 2497 1668 quasi
2554 1586 2686 1649 sint
2743 1590 2806 1648 et

360 1716 545 1788 recta,
589 1710 1060 1775 evidentissime
1098 1732 1436 1793 possumus
1475 1732 1866 1793 cognoscere3
1919 1734 2049 1776 non
2081 1713 2234 1792 quia
2262 1711 2588 1775 Parthenii
2616 1730 2804 1793 opera

359 1836 560 1918 poetis
604 1838 933 1914 Romanis,
985 1838 1098 1919 qui
1143 1838 1723 1902 Alexandrinorum
1768 1838 2063 1901 omnium
2110 1838 2303 1901 libros
2350 1838 2799 1911 exhauserunt,

361 1962 705 2025 imitationi
749 1962 944 2025 fuisse
989 1964 1246 2040 scimus,
1301 1983 1509 2045 neque
1555 1963 1727 2044 quod
1784 1963 2003 2045 ipsum
2048 1984 2217 2026 anno
2262 1983 2318 2027 a.
2368 1962 2511 2025 Chr.
2563 1982 2627 2025 n.
2680 1956 2802 2023 721

361 2086 429 2149 in
464 2087 719 2149 Italiam
767 2086 1034 2150 ductum
1081 2093 1144 2151 et
1188 2092 1439 2170 poetam
1473 2093 1666 2169 atque
1692 2088 2184 2168 grammaticum
2207 2066 2457 2150 Romae·
2482 2092 2799 2150 versatum

357 2232 433 2274 ac
460 2212 725 2294 Neapoli
769 2213 1286 2295 praeclarissimis
1322 2214 1578 2277 illorum
1625 2220 1989 2297 temporum
2028 2213 2231 2295 poetis
2274 2212 2605 2294 discipulis
2649 2212 2802 2274 ami-

355 2338 570 2420 cisque
616 2358 806 2402 usum
854 2358 986 2402 esse
1031 2344 1260 2402 notum
1293 2346 1403 2416 est,
1454 2340 1564 2403 sed
1614 2340 1766 2421 quia
1802 2338 2114 2401 habemus
2145 2356 2290 2401 eum
2331 2337 2641 2414 libellum,
2691 2337 2804 2418 qui

355 2465 488 2546 περὶ
545 2459 845 2546 ἐρωτικῶν
892 2463 1279 2549 παθημάτων
1330 2465 1399 2527 in
1445 2464 1733 2528 Palatino
1776 2464 1984 2528 codice
2030 2464 2373 2544 inscriptus
2420 2468 2531 2540 est,
2578 2483 2617 2524 a
2660 2463 2798 2526 Par·
2848 2504 2853 2511 -

353 2589 574 2652 thenio
617 2589 890 2669 epistula
935 2589 1180 2652 adiecta
1226 2590 1512 2653 Cornelio
1557 2589 1740 2653 Gallo
1785 2589 1990 2659 amico
2034 2589 2325 2652 missum.

531 2713 846 2787 Quorsum
893 2735 932 2775 a
976 2735 1042 2778 se
1086 2716 1381 2777 collectae
1411 2711 1543 2777 sint
1585 2715 1708 2777 hae
1736 2714 2020 2777 XXXVI
2050 2710 2335 2789 fabellae,
2384 2714 2519 2795 ipse
2548 2714 2798 2777 Parthe-

355 2838 504 2901 nius
549 2838 705 2901 dicit
733 2840 803 2902 in
849 2839 1148 2921 epistula:
1201 2834 1296 2901 Τὰ
1340 2840 1454 2921 γὰρ
1503 2843 1673 2921 παρά
1718 2859 1830 2901 τισι
1875 2848 1991 2903 τῶν
2019 2848 2277 2923 ποιητῶν
2332 2839 2577 2921 κείμενα
2624 2834 2799 2902 κτλ.2

357 2961 583 3023 Ortum
631 2965 844 3025 autem
891 2983 1023 3027 esse
1068 2970 1312 3046 oportet
1357 2964 1737 3047 opusculum
1784 2965 1951 3027 inter
2010 2984 2254 3027 annum
2316 2964 2509 3045 primi
2565 2964 2796 3028 saeculi

356 3086 910 3165 septuagesimum,
968 3108 1097 3169 quo
1141 3110 1311 3153 anno
1358 3090 1580 3153 Gallus
1644 3096 1836 3153 natus
1882 3094 1993 3166 est,
2057 3089 2158 3153 vel
2214 3089 2429 3171 potius
2488 3090 2795 3170 quoniam

354 3220 504 3273 ante
551 3210 716 3274 vitae
759 3213 1135 3276 vicesimum
1182 3235 1428 3277 annum
1478 3215 1739 3280 Gallum
1786 3215 2013 3295 elegias
2058 3215 2487 3296 composuisse
2518 3214 2625 3277 vix
2669 3215 2795 3295 opi-

355 3336 543 3413 neris,
601 3337 769 3399 inter
813 3338 1413 3420 quinquagesimum
1465 3346 1527 3403 et
1571 3341 1946 3404 vicesimum
2002 3340 2372 3421 septimum,
2440 3359 2566 3421 quo
2626 3359 2797 3402 anno

357 3460 580 3523 Gallus
625 3461 758 3542 ipse
803 3482 870 3525 se
914 3464 1248 3528 interfecit.

532 3586 827 3660 Quonam
874 3593 1092 3650 autem
1135 3610 1360 3670 genere
1405 3589 1659 3653 dicendi
1690 3589 2071 3652 Parthenius
2115 3585 2183 3650 in
2234 3589 2353 3652 hoc
2382 3588 2596 3651 libello
2639 3609 2794 3654 usus

355 3710 440 3773 sit
483 3711 858 3792 investigare
889 3713 1185 3777 conducit
1229 3735 1377 3777 cum
1425 3719 1680 3796 propter
1724 3714 1925 3793 ipsius
1956 3714 2238 3789 virtutes,
2289 3718 2429 3776 tum
2471 3714 2622 3793 quia
2653 3722 2797 3796 post

355 3836 690 3917 Polybium
747 3839 950 3919 spatio
1009 3841 1164 3903 satis
1230 3840 1416 3918 longo
1483 3838 1846 3901 intermisso
1908 3838 2157 3918 primus
2219 3857 2435 3919 prosae
2493 3839 2795 3903 orationis

353 3962 617 4042 scriptor
661 3960 844 4025 nobis
891 3969 1112 4027 exstat.
1199 3964 1443 4027 Tamen
1491 3983 1574 4025 ne
1619 3983 1701 4024 ex
1748 3962 1885 4025 eius
1923 3982 2213 4025 sermone
2256 3961 2335 4024 de
2365 3962 2539 4026 illius
2569 3962 2794 4028 aetatis

353 4087 630 4149 oratione
677 4087 955 4150 nimium
1003 4088 1352 4151 efficiamus
1398 4088 1781 4162 cavendum;
1842 4106 2121 4168 namque
2176 4107 2306 4149 non
2352 4093 2487 4149 tam
2532 4090 2795 4171 scriptor

354 4209 731 4275 Parthenius
779 4218 873 4275 est
916 4233 1111 4293 quam
1170 4218 1373 4295 poeta,
1441 4214 1554 4294 qui
1609 4232 1983 4293 «germanus
2030 4210 2498 4275 Alexandrinae
2542 4214 2791 4277 scholae

400 4335 410 4339 -
426 4335 485 4339 —
504 4336 565 4341 -....
577 4336 779 4343 —————-

533 4392 550 4421 ¹
589 4386 702 4440 Cfr.
741 4388 1015 4441 Meinekii
1051 4390 1213 4441 Anal.
1253 4390 1427 4457 Alex.,
1466 4407 1555 4457 pg.
1596 4394 1718 4443 257.

533 4487 555 4519 ²
589 4485 673 4537 De
709 4486 818 4539 hac
853 4490 973 4539 tota
1009 4502 1072 4539 re
1109 4489 1206 4540 cfr.
1245 4488 1462 4555 Rohde,
1501 4489 1596 4541 Gr.
1638 4490 1701 4541 R.
1742 4504 1832 4555 pg.
1876 4489 1975 4541 113
2002 4504 2085 4553 sq.

459 4598 868 4651 Mayer-G‘schrey,
898 4600 1180 4643 Parthenius
1206 4601 1492 4643 Nicaeensis.
2553 4600 2576 4639 1
