3342 5067
1427 284 1869 349 -27—

880 490 1006 592 D.
1085 489 1242 594 De
1305 487 1871 589 verborum
1934 485 2380 587 flexura.

606 740 665 798 1.
713 736 945 799 Exitus
978 735 1311 800 verborum
1359 742 1842 811 contractorum,
1894 753 2056 813 quae
2087 740 2407 811 vocantur,
2460 732 2696 815 ubique
2726 754 2869 797 con-

421 864 794 938 trahuntur;
875 881 928 925 e.
995 882 1085 943 gr.
1157 857 1467 944 ἐκαρτέρει
1541 861 1775 937 11,15,Υ
1834 854 2027 922 ἐδεῖτο
2102 858 2268 937 17‚5,
2354 861 2621 923 καταθεῖ
2690 861 2860 940 26,2,

424 985 586 1073 ἐρῴη
639 987 788 1065 10,5
835 991 950 1051 etc.

603 1114 660 1175 2.
713 1112 998 1194 Optativi
1031 1114 1173 1175 Aor.
1209 1112 1243 1174 I
1273 1116 1390 1175 act.
1441 1131 1711 1193 persona
1740 1111 1842 1174 III
1868 1110 2026 1191 sing.
2062 1130 2310 1191 semper
2355 1110 2489 1173 exit
2532 1110 2601 1172 in
2648 1108 2863 1188 -ειε(ν).

425 1242 832 1322 συνεργήσειεν
869 1239 1080 1315 11,19,
1131 1232 1497 1322 ἐμπεδώσειε
1536 1235 1745 1315 17‚23‚
1784 1231 2055 1320 ὀμόσειεν
2091 1236 2256 1313 19,9,
2308 1238 2659 1318 κρατήσειεν
2692 1235 2861 1311 48,4,

425 1363 792 1427 διαλύσειεν
840 1364 989 1441 38,8
1036 1363 1212 1441 (nam
1261 1364 1350 1427 sic
1395 1363 1801 1427 scribendum
1850 1365 1945 1425 est
1988 1380 2135 1424 cum
2184 1358 2531 1440 Legrandio
2573 1380 2689 1441 pro
2728 1356 2867 1421 δια-

421 1487 672 1563 λὺσειν,
713 1487 884 1569 quod
915 1487 1048 1551 cod.
1099 1489 1374 1570 praebet,
1419 1488 1771 1552 secundum
1806 1488 2027 1563 26,21:
2068 1475 2365 1569 ’ὀρρωδεῖν
2396 1486 2481 1569 μὴ
2512 1482 2866 1568 κατάδηλος

423 1609 670 1694 γένοιτο,
718 1632 1115 1695 quamquam
1163 1614 1354 1677 etiam
1403 1614 1703 1677 subiectis
1748 1613 2011 1676 diversis
2057 1612 2162 1675 hic
2217 1611 2349 1675 illic
2402 1610 2729 1673 invenitur
2772 1610 2865 1671 in-

424 1739 737 1802 finitivus:
786 1740 886 1822 Pe.
933 1716 1105 1809 Xen.
1147 1740 1299 1820 Rep.
1351 1740 1501 1803 Ath.
1553 1740 1731 1817 2,15:
1796 1733 2003 1819 ἑτέρου
2052 1735 2228 1807 δέους
2275 1732 2729 1821 ἀπηλλάγμενοι
2780 1768 2863 1779 -

427 1863 584 1949 μηδὲ
640 1883 782 1926 ποτε
839 1862 1221 1947 προδοθῆναι
1266 1865 1372 1949 τὴν
1427 1863 1598 1927 πόλιν
1665 1902 1732 1911 --
1813 1859 1967 1946 μηδὲ
2029 1858 2225 1930 πὺλας
2284 1856 2649 1944 ἀνοιχθῆναι
2707 1854 2863 1942 μηδὲ

423 1988 748 2073 πολεμίους
795 1985 1190 2064 ἐπεισπεσεῖν,
1253 1989 1363 2051 cfr.
1413 1990 1687 2051 Kiihner
1731 1982 1836 2051 ΙΙ2
1898 1988 2063 2051 1045
2091 2007 2146 2065 g.
2240 1984 2498 2063 (Contra
2550 1985 2693 2060 19,9
2760 2004 2859 2045 ex·

421 2114 600 2177 hibet
645 2114 841 2179 codex
888 2109 1201 2198 [ὀμόσειεν]
1248 2108 1719 2200 ὑπηρετήσειεν
1766 2134 1881 2197 pro
1925 2132 2102 2186 -σειν,
2150 2110 2321 2193 quod
2361 2111 2555 2173 miror
2581 2130 2619 2172 a
2652 2111 2862 2173 Passe-

421 2240 524 2303 vio
569 2245 887 2304 servatum
937 2239 1115 2318 esse.)
2044 2234 2053 2243 ’

599 2367 656 2428 3.
709 2367 800 2428 De
845 2370 1204 2445 augmento.

595 2491 657 2569 a)
701 2492 1140 2570 Augmentum
1221 2488 1602 2572 syllabicum
1674 2494 1993 2553 servatum
2060 2495 2155 2551 est
2231 2489 2301 2550 in
2378 2488 2480 2551 his
2549 2488 2755 2551 verbis
2824 2508 2863 2549 a

418 2616 619 2679 vocali
683 2616 1170 2698 incipientibus:
1255 2613 1598 2679 ἀπεωθεῖτο
1670 2617 1885 2694 26,2Ο,
1981 2610 2183 2699 ἑώρων
2256 2615 2471 2691 30‚10,
2555 2610 2862 2698 ἀνεῳγμέ-

417 2761 520 2825 νην
559 2743 772 2819 20,19.

593 2866 658 2943 b)
703 2867 1063 2945 Augmento
1086 2872 1327 2931 carent:
1357 2863 1724 2931 ἐπιλελοίπει
1752 2870 1962 2946 13,16,
1990 2868 2195 2931 forma
2217 2866 2537 2931 rarissima
2558 2867 2732 2943 (Her.
2760 2867 2861 2929 III

423 2991 614 3067 25,16
661 2986 1094 3071 ἐπελελοίπεε),
1159 2990 1467 3056 ἀπολώλει
1513 2994 1728 3071 41,16,
1797 2991 1967 3073 quod
2026 2992 2220 3054 etiam
2266 2991 2464 3054 Attici
2532 2990 2857 3067 adhibent,

419 3117 882 3198 κατεγγοημὲνῳ
935 3119 1148 3195 1133,
1199 3112 1470 3201 εὕρισκεν
1502 3120 1628 3196 6,3,
1680 3111 1908 3202 εὸρέθη
1958 3115 2149 3193 48,17
2196 3116 2296 3193 (ut
2324 3115 2615 3197 saepius),
2666 3110 2862 3198 ὀρρώ-

419 3238 506 3302 δει
557 3241 722 3317 14‚3‚
772 3242 1224 3323 προσκαθίζετο
1271 3245 1497 3321 34,18;
1557 3241 1684 3306 ἰ’δεν
1736 3243 1883 3320 11,5
1941 3243 2012 3305 in
2059 3237 2213 3307 εἶδεν
2258 3242 2692 3322 corrigendum
2727 3263 2860 3305 esse

316 3356 320 3361 ’
415 3372 630 3429 censet
675 3366 1012 3430 Martinius
1058 3368 1097 3430 l.
1132 3369 1175 3431 l.
1209 3369 1424 3432 LXIX
1467 3388 1592 3451 sq.;
1641 3374 1708 3431 at
1753 3369 1963 3433 nescio
2007 3389 2091 3431 an
2121 3369 2499 3432 Parthenius
2531 3368 2698 3431 hanc
2741 3368 2857 3432 for-

416 3510 590 3553 mam
639 3491 882 3571 epicam
929 3491 1285 3570 admiserit3
1333 3494 1450 3557 has
1495 3494 1725 3559 codicis
1770 3495 2006 3558 formas
2050 3494 2399 3558 conservari
2443 3495 2686 3557 malim.

593 3616 653 3678 4.
709 3618 850 3679 Aor.
883 3617 916 3678 I
944 3622 1063 3683 act.
1096 3617 1262 3681 verb.
1298 3618 1522 3699 liquid.
1556 3620 1626 3683 in
1658 3621 1845 3707 -otivui
1886 3639 2094 3683 unum
2141 3624 2350 3684 exstat
2395 3629 2659 3703 σημῆναι
2709 3622 2855 3697 14,4

412 3739 586 3817 (Ant.
635 3740 774 3803 Lib.
822 3761 923 3822 pg.
977 3741 1126 3818 79‚4
1175 3737 1479 3826 ἐσήμανε).

593 3864 652 3927 5.
702 3867 845 3930 Aor.
897 3867 964 3929 II
1007 3868 1242 3948 passivi
1289 3868 1678 3956 προσηγγέλη
1728 3873 1955 3948 39,18;
2024 3874 2179 3936 haec
2235 3872 2442 3936 forma
2486 3878 2723 3935 temere
2785 3872 2857 3935 in

412 3989 848 4075 προσηγγέλθη
925 3997 1174 4055 mutata
1245 3997 1342 4055 est
1413 3993 1495 4056 ab
1556 3996 1829 4077 Heynio,
1892 4017 2086 4077 quem
2144 3997 2379 4061 iniuria
2447 4001 2699 4060 secutus
2764 4002 2857 4059 est

416 4115 802 4179 Sakolowski
863 4116 995 4194 (cfr.
1044 4118 1291 4181 Passov.
1339 4117 1421 4181 ad
1465 4120 1640 4182 hunc
1683 4121 1911 4198 locum,
1976 4122 2259 4186 Schmid.
2308 4124 2438 4186 Att.
2488 4124 2555 4187 II
2604 4121 2705 4199 27,
2755 4122 2857 4184 111

417 4242 518 4316 36,
582 4242 674 4303 IV
734 4242 862 4319 31).
977 4243 1286 4307 Abundat
1368 4246 1476 4308 hic
1548 4246 1805 4309 libellus
1878 4248 2141 4317 aoristis
2187 4249 2255 4311 Π
2335 4248 2632 4331 passivis,
2708 4246 2854 4328 plus

413 4366 640 4446 viginti
678 4368 994 4446 invenie-33
1043 4388 1191 4432 cum
1237 4370 1615 4453 plerumque
1659 4382 1902 4457 μιγῆναι
1948 4374 2212 4452 dicatur,
2261 4374 2357 4438 bis
2404 4374 2699 4460 μιχθῆναι
2746 4374 2849 4450 44,

420 4492 519 4553 16.
575 4489 700 4569 7,1,
750 4512 913 4573 quae
954 4496 1178 4577 corrigi
1222 4516 1353 4560 non
1395 4496 1561 4561 licet.
