3342 5067
1395 288 1831 348 ..33-

571 474 684 543 οὖκ
715 478 900 565 ἔληγε
934 488 1036 543 τοῦ
1068 480 1316 551 πάθους
1349 484 1544 557 22,18
1575 500 1722 544 cave
1756 487 1965 545 mutes
1994 501 2141 544 oum
2175 481 2627 559 Sakolowski03
2677 503 2828 545 nam

390 606 500 669 cfr.
545 606 788 668 Platon.
836 606 1098 669 Phaedr.
1151 607 1280 668 240
1299 606 1372 682 E,
1425 606 1552 668 255
1581 608 1655 682 D,
1707 606 1861 688 Rep.
1914 608 1970 669 V
2016 607 2144 670 490
2167 608 2238 671 Β.

568 724 882 813 ἐκαρτέρει
928 729 1034 793 καὶ
1087 738 1294 815 περιῆν
1356 737 1461 793 τοῦ
1505 729 1883 814 παθήματος
1917 731 2107 808 25,16
2156 750 2317 795 num
2363 752 2444 795 ex
2482 731 2661 795 libris
2706 752 2831 794 me-

389 856 673 920 dicorum
722 860 980 937 sumpta
1024 857 1216 919 sunt?

570 974 649 1042 ὧν
695 974 1029 1065 ἡγούμενος
1064 982 1274 1057 12,21,
1315 985 1384 1044 at
1414 977 1745 1051 Θετταλοῖς
1775 975 2048 1066 ἡγήσατο
2088 983 2295 1059 12,16,
2346 981 2517 1063 quod
2554 1001 2636 1047 ne
2680 1002 2829 1046 cum

390 1104 750 1184 Hirschigio
807 1105 1172 1181 correxeris;
1235 1124 1385 1167 nam
1448 1107 1567 1168 hoc
1621 1106 1834 1168 Parth.
1886 1104 2095 1181 habet,
2159 1104 2330 1186 quod
2388 1105 2629 1186 ubique
2690 1126 2829 1169 con-

391 1230 766 1293 structiones
812 1230 1014 1293 variat
1057 1234 1120 1293 et
1166 1235 1376 1294 mutat
1417 1230 1550 1308 (cfr.
1601 1231 1754 1293 Con.
1790 1231 1873 1293 36
1920 1236 1984 1293 et
2031 1230 2157 1308 47).

572 1354 778 1417 Usum
811 1357 1144 1435 pootarum
1176 1354 1481 1435 sequitur,
1531 1373 1680 1417 oum
1712 1353 1891 1417 dicit:
1942 1352 2178 1435 δάκρυα
2210 1389 2296 1399 -—
2328 1349 2532 1438 ἐχεῖτο
2564 1362 2680 1417 τῶν
2710 1374 2829 1417 πα·

390 1487 562 1559 ρειῶν
614 1479 780 1555 14,5,
833 1474 1090 1563 ἤλαυνεν
1136 1486 1246 1563 τῆς
1293 1486 1406 1561 γῆς
1453 1472 1630 1541 αὖτόν
1680 1477 1824 1555 7,11
1874 1478 2009 1556 (cfr.
2056 1500 2157 1561 pg.
2211 1480 2337 1557 39).

565 1602 758 1684 Apud
803 1603 1126 1683 passivum
1179 1608 1242 1665 et
1285 1595 1400 1665 ὖπό
1447 1608 1510 1667 et
1556 1607 1711 1686 πρός
1736 1603 1886 1691 (cfr.
1935 1623 2037 1684 pg.
2087 1602 2197 1682 37)
2254 1608 2319 1667 et
2375 1603 2678 1667 dativus
2723 1604 2822 1667 ad-

387 1727 668 1791 hibetur:
728 1729 916 1804 13,16
949 1725 1209 1807 ἔγνωστο
1256 1721 1418 1811 αὐτῷ
1467 1730 1686 1805 39,10.
1735 1729 1950 1806 45‚20.
1987 1730 2200 1805 46‚21.
2237 1730 2416 1806 38,8;
2452 1728 2704 1792 dativus
2740 1730 2829 1791 rei

387 1851 559 1934 apud
605 1850 898 1936 ἔχεσθαιε
947 1851 1097 1929 30,7
1148 1846 1301 1936 ὀργῇ
1335 1849 1559 1937 εἴχετο,
1595 1855 1767 1930 32,5.
1804 1855 2021 1931 49,11,
2067 1859 2132 1917 at
2178 1847 2277 1916 ὕπ’
2322 1847 2533 1923 αἰδοῦς
2564 1849 2828 1937 κατέχε-

389 1977 541 2039 σθαι
588 1978 757 2054 31,1.
808 1977 978 2054 31,2.
1036 1979 1248 2054 19,19.
1309 1979 1522 2055 21‚15.
1591 1976 1806 2055 23‚17‚
1868 1979 2024 2041 item
2086 1977 2282 2055 27‚10
2348 1974 2594 2063 σφοδρῷ
2653 1975 2830 2059 ἔρωτι

390 2102 703 2185 καιομένη,
741 2103 890 2178 30,6
922 2100 1140 2173 παιδὸς
1169 2104 1352 2187 πόθῳ
1382 2104 1727 2187 καιόμενος,
1758 2107 1827 2166 at
1859 2104 2008 2181 40,3
2042 2098 2441 2187 ἐκκαιόμενος
2468 2096 2583 2166 ὖπὸ
2625 2102 2828 2185 μέθης

390 2227 496 2288 καὶ
533 2225 743 2289 ’πόθου
788 2233 892 2290 τοῦ
939 2226 1176 2297 παιδός.

564 2352 761 2431 Largo
805 2351 1011 2416 utitur
1055 2351 1286 2415 dativis
1339 2352 1657 2416 commodi
1716 2358 1828 2417 aut
1878 2352 2287 2430 incommodi,
2354 2372 2512 2433 quos
2574 2351 2688 2432 qui
2750 2358 2827 2434 τῇ

387 2471 646 2560 ἀφελείᾳ
692 2476 1053 2554 studebant,
1103 2477 1402 2540 adhibere
1445 2476 1757 2541 solebant:

563 2584 691 2677 8,3'
717 2596 925 2672 αὐτοῖς
963 2595 1430 2686 ἐσκεδάσθησαν
1478 2596 1542 2664 αἱ
1587 2610 1749 2685 νῆες,
1807 2603 1993 2679 14‚13
2043 2596 2100 2664 οἱ
2130 2596 2341 2687 τροχοὶ
2386 2601 2837 2686 περιερρὺησαν

387 2719 546 2808 αὐτῷ
591 2725 698 2789 cfr.
753 2727 922 2803 6,16.
974 2727 1146 2804 38‚6.
1203 2726 1412 2805 17,18.
1463 2728 1634 2804 38,8.
1764 2784 1769 2789 .

563 2850 754 2933 Apud
799 2846 970 2925 εἶναι,ι
1018 2853 1309 2931 γενέσθαι
1354 2850 1620 2933 ubiqu03
1678 2852 1747 2915 in
1784 2849 2237 2917 locutionibus:
2297 2846 2359 2914 ἐν
2412 2849 2615 2933 πολλῇ
2664 2844 2820 2933 αὐτῇ

384 2969 580 3057 εὐνοία
627 2972 860 3055 ἐγένετο
911 2976 1102 3056 15,17
1151 2978 1296 3041 sim.
1349 2978 1516 3053 18‚5.
1573 2978 1746 3054 30‚4.
1795 2978 2019 3055 32‚22;
2070 2970 2159 3047 εἰς
2198 2976 2419 3056 λόγους
2450 2970 2657 3039 ἐλθεῖν
2702 2983 2817 3040 etc.

382 3101 554 3177 33‚6.
606 3102 822 3179 49,12.
873 3100 1054 3180 47,2;
1119 3103 1316 3179 21,14
1376 3100 1476 3165 διὰ
1520 3101 1715 3181 λόγων
1760 3102 2073 3186 γενόμενον
2119 3094 2296 3183 αὐτῇ,
2356 3121 2549 3182 quem
2609 3103 2819 3167 locum

382 3226 592 3290 Sakol.
642 3226 833 3307 plane
878 3227 1171 3308 corrupit.

559 3352 826 3416 Dativus
873 3351 1120 3414 ethicus
1163 3350 1382 3415 addito
1428 3351 1759 3433 participio
1807 3351 1941 3428 8,5:
2001 3359 2083 3434 τῷ
2141 3343 2325 3433 δ’ἄρα
2380 3345 2490 3413 καὶ
2540 3344 2700 3433 αὐτῷ
2746 3346 2820 3435 ἧν

379 3471 420 3560 ἡ
464 3476 615 3560 μονὴ
664 3471 969 3560 ἡδομένῳς
1019 3496 1170 3539 nam
1218 3476 1308 3539 sic
1351 3496 1500 3539 cum
1534 3475 1884 3557 Leopardio
1929 3474 2335 3540 scribendum
2384 3495 2516 3539 esse
2560 3484 2822 3558 apparet

378 3599 509 3677 (cfr.
558 3601 802 3664 Passov.
852 3601 932 3663 ad
979 3602 1043 3663 h.
1092 3600 1188 3678 1.);
1255 3600 1466 3677 miror,
1531 3599 1852 3680 quomodo
1897 3600 2045 3663 Sak.
2094 3594 2382 3684 ἡδομένη,
2450 3600 2621 3684 quod
2680 3601 2813 3664 cod.

364 3721 653 3801 ‘exhibet,
703 3725 1078 3789 defensurus
1122 3726 1225 3788 sit.

556 3846 842 3913 Κελεὺειν
886 3870 936 3914 o.
987 3849 1200 3914 dativo
1245 3855 1308 3913 et
1352 3848 1673 3913 infinitivo
1721 3850 1897 3926 20,9:
1948 3844 2192 3911 ἐκέλευε
2250 3882 2319 3892 --
2382 3857 2464 3933 τῷ
2510 3850 2814 3933 κομίζοντι

378 3977 624 4058 φράζειν
656 3976 834 4039 Diod.
877 3975 1065 4052 19‚17
1114 3974 1459 4052 (infinitivo
1487 3974 1723 4038 omisso
1762 3976 1954 4040 Hom.
1988 3974 2182 4051 Plato,
2230 3976 2386 4055 Rep.
2435 3976 2649 4052 396Α,
2698 3975 2810 4038 cfr.

376 4101 621 4179 Kriiger
667 4100 771 4163 48.
823 4099 880 4163 7.
938 4101 1039 4177 10,
1091 4100 1361 4163 Kiihner
1405 4094 1528 4175 11²,
1577 4119 1681 4180 pg.
1731 4100 1858 4162 395
1882 4100 2041 4181 Am).

553 4220 974 4287 διεκελευσατο
1021 4231 1096 4307 τῇ
1145 4231 1376 4308 μηνυτῇ
1433 4258 1490 4266 -
1559 4221 1834 4306 δηλῶσαι
1883 4225 2031 4302 12,6
2081 4232 2144 4289 et
2190 4243 2379 4306 saepe
2430 4223 2811 4308 παρακελευ-

373 4346 628 4409 σασθαι.

559 4465 786 4555 ὁμοίως
833 4473 983 4549 49,6
1029 4494 1081 4538 c.
1115 4472 1245 4537 dat.
1295 4474 1708 4537 coniunctum
1755 4480 1851 4536 est
1878 4472 2012 4549 (cfr.
2054 4468 2253 4551 30‚3);
2306 4474 2500 4549 40,24
2547 4493 2639 4553 sq.
2672 4472 2805 4535 ood.

481 4600 890 4653 Mayeffl’sehrey,
919 4601 1200 4645 Parthenius
1225 4601 1513 4645 Nicaeensis.
2566 4600 2597 4641 3
