3342 5067
1397 297 1797 372 ss—3—-

368 524 657 589 possum:
707 507 980 570 alterum
1029 505 1199 588 quod
1245 506 1316 569 in
1361 506 1882 570 adnotationibus
1928 507 2159 579 criticis
2206 526 2337 571 non
2366 508 2521 579 satis
2554 504 2824 589 diligens

370 632 510 708 fuit,
564 631 831 694 alterum
882 632 1052 713 quod
1099 632 1166 694 in
1216 637 1398 695 textu
1445 632 1582 713 ipso
1629 637 1723 695 ter
1769 652 1944 695 voces
1991 634 2265 714 integras
2310 634 2544 699 omisit.

545 759 625 820 In
657 757 876 820 fabula
901 758 1045 820 XX.
1083 759 1276 832 enim,
1327 764 1403 821 ut
1447 778 1485 820 a
1513 754 1793 837 graviore
1826 758 2072 821 incuria
2118 758 2444 839 incipiam,
2494 778 2593 839 pg.
2626 758 2823 834 21‚14

365 882 502 947 cod.
553 884 842 946 exhibet:
893 880 994 944 διὰ
1040 883 1238 961 λόγων
1271 876 1413 945 ἔσθ’
1463 877 1564 945 ὅτε
1595 884 1947 965 γινομένων;
1993 876 2135 943 ἔσθ’
2172 876 2272 944 ὅτε
2302 883 2616 946 omissum
2652 881 2825 964 apud

369 1008 515 1070 Sak.
557 1027 767 1097 neque
805 1007 1163 1088 quidquam
1214 1007 1588 1071 adnotatum
1639 1013 1752 1070 est.
2178 1053 2181 1057 -

545 1134 624 1195 In
685 1132 809 1195 fab.
859 1133 1100 1195 XXXI.
1162 1154 1260 1215 pg.
1314 1135 1509 1209 45,12
1557 1132 1722 1195 ood.:
1786 1126 2053 1193 ἐνεδίδου
2109 1133 2176 1195 τὸ
2234 1140 2412 1215 σῶμα
2475 1131 2575 1194 διὰ
2622 1140 2824 1215 μῆκος

368 1234 618 1341 χρόνου;
660 1256 767 1319 διά
812 1279 914 1339 ap.
963 1258 1111 1321 Sak.
1161 1258 1355 1333 deest,
1404 1276 1802 1339 quamquam
1850 1275 2042 1320 sensu
2088 1258 2463 1337 postulatur.

455 1402 562 1464 pg.
614 1385 808 1460 46,22
855 1383 1014 1445 cod:
1077 1384 1256 1468 φησὶν
1303 1376 1487 1465 αὐτὴν
1533 1381 1850 1461 ‘seven-sdan
1910 1375 2095 1465 αὐτήν
2152 1382 2463 1445 omissum
2520 1402 2619 1462 ap.
2672 1382 2819 1444 Sak.

543 1508 726 1581 Quod
808 1510 1025 1571 autem
1102 1508 1542 1571 adnotationes
1609 1508 2008 1587 neglegenter
2072 1511 2395 1585 congestas
2462 1526 2595 1568 esse
2662 1506 2818 1583 dixi,

363 1634 582 1713 paucis
629 1633 940 1715 exemplis
985 1633 1421 1696 confirmetur:

450 1778 550 1839 pg.
605 1760 753 1835 6,12
815 1759 960 1821 Sak.
1013 1754 1099 1828 ὡς
1138 1754 1470 1838 Διδυμὲως,
1535 1776 1686 1819 cum
1747 1756 1946 1818 codex
2004 1763 2067 1818 et
2116 1755 2257 1818 edd.
2303 1774 2533 1818 omnes
2565 1749 2656 1823 εἷς
2688 1750 2816 1816 Διδ.

575 1883 946 1964 praebeant;
999 1900 1156 1945 num
1207 1901 1544 1961 operarum
1591 1882 1701 1944 hic
1744 1900 1914 1943 error
1960 1881 2099 1944 est?

452 2027 552 2088 pg.
604 2008 795 2084 41,21
849 2008 1031 2070 uncis
1090 2006 1351 2070 inclusit
1409 2005 1516 2091 δή;
1579 2007 1748 2069 nihil
1792 2006 2165 2082 adnotatur;
2226 2004 2303 2089 δή
2350 2026 2503 2068 sane
2548 2006 2817 2069 retinen·

576 2132 736 2195 dum
783 2137 904 2206 est3
954 2135 1099 2213 post
1145 2126 1308 2214 αὐτῷ
1355 2151 1556 2213 pausa
1585 2132 1829 2212 longior
1874 2137 2194 2195 statuatur
2241 2152 2507 2207 necesse,
2558 2132 2666 2194 cfr.
2717 2131 2815 2194 ed.

576 2257 899 2320 Hercheri.
993 2254 1150 2319 ἔνθα
1196 2256 1531 2321 relativum
1588 2278 1720 2319 non
1768 2258 1895 2320 nisi
1951 2257 2030 2319 de
2085 2257 2219 2319 loco
2282 2256 2623 2319 adhibetur
2680 2255 2812 2333 (cfr.

577 2383 632 2455 E
665 2385 704 2443 4
754 2402 801 2444 s.
842 2380 963 2465 δή).

451 2529 550 2589 pg.
601 2508 800 2584 34‚10
859 2509 1068 2590 πρώτη
1127 2506 1273 2571 Sak.
1337 2525 1390 2570 c.
1438 2506 1681 2581 codice;
1741 2506 1851 2569 sed
1920 2526 2051 2569 non
2110 2506 2535 2587 comperimus
2582 2508 2815 2570 Meine·

575 2632 760 2694 kium
807 2638 872 2695 et
915 2633 1310 2695 Hercherum
1361 2640 1593 2714 πρῶτον
1657 2631 1996 2711 Legrandii
2052 2633 2380 2713 accepisse.
2476 2632 2605 2694 Nec
2650 2652 2815 2711 quae

574 2760 920 2835 Passovius,
971 2760 1084 2822 alii
1129 2761 1251 2822 hoc
1286 2760 1422 2823 loco
1467 2760 1872 2840 protulerunt
1903 2759 2345 2841 respiciuntur.
2424 2760 2632 2841 πρώτη
2664 2777 2815 2819 sane

574 2903 764 2947 sensu
808 2891 977 2947 caret
1018 2884 1153 2962 (cfr.
1202 2905 1302 2966 pg.
1354 2884 1436 2961 6).

452 3028 551 3087 pg.
603 3009 752 3084 35,3
801 3008 1250 3086 desideramus,
1314 3009 1484 3091 quod
1549 3010 1901 3072 Kramerus
1958 3008 2163 3073 Strab.
2214 3008 2333 3073 vol.
2382 3008 2467 3085 Π,
2533 3028 2632 3087 pg.
2684 3008 2811 3069 387

577 3130 658 3193 ad
722 3133 928 3195 locum
995 3134 1317 3197 Parthenii
1383 3134 1746 3197 sanandum
1810 3134 2045 3210 attulit,
2109 3134 2219 3213 qui
2281 3132 2360 3195 de
2424 3132 2680 3195 Diodori
2734 3134 2812 3209 V,

579 3258 664 3319 50
707 3257 1012 3320 admonet
1056 3266 1120 3323 et
1162 3278 1277 3340 pro
1322 3255 1609 3343 Κήτορος
1655 3259 1848 3323 scribi
1894 3259 2033 3321 vult
2080 3252 2436 3342 Ἑκήτορος.

452 3403 550 3463 pg.
604 3382 772 3457 6‚17.
827 3382 1040 3459 17‚20.
1090 3384 1337 3463 (21,14)
1381 3404 1529 3446 cum
1579 3384 1919 3448 adnotetur
1966 3379 2033 3453 ἐς
2079 3383 2309 3446 codicis
2354 3384 2422 3446 in
2473 3375 2565 3452 εἷς
2611 3388 2811 3445 muta·

576 3513 717 3570 tum
757 3528 909 3584 esse,
949 3508 1209 3590 reliquis
1240 3509 1410 3587 locis,
1446 3510 1685 3589 quibus
1724 3509 1895 3571 idem
1942 3507 2183 3570 factum
2230 3514 2341 3584 est,
2390 3506 2598 3584 14‚11.
2639 3510 2808 3585 25,5.

576 3636 768 3709 48,21
820 3638 1078 3697 tacetur.

449 3758 680 3821 Parum
742 3765 1026 3822 accurate
1085 3754 1463 3822 adnotatum
1524 3769 1619 3821 est
1665 3759 1856 3821 etiam
1924 3757 2006 3821 ad
2070 3778 2169 3839 pg.
2223 3758 2281 3829 5,
2308 3760 2374 3830 5;
2436 3756 2517 3819 ad
2567 3760 2670 3833 20,
2701 3759 2808 3832 18;

573 3884 656 3946 ad
684 3883 855 3959 33‚7.
909 3886 1088 3960 21,2;
1136 3860 1240 3960 25,
1267 3886 1337 3946 4:
1386 3886 1608 3963 γίνεται
1654 3885 1786 3946 iam
1818 3882 1989 3964 apud
2022 3883 2437 3957 Hercherum,
2486 3880 2623 3964 (pro
2658 3877 2812 3944 ἵεται

572 4008 734 4083 cod.)
778 4008 891 4089 qui
937 4028 1050 4089 pro
1097 4029 1270 4072 more
1314 4009 1483 4071 nihil
1529 4008 1875 4073 adnotavit.
1948 4010 2171 4089 Neque
2216 4009 2377 4088 quin
2424 4007 2608 4089 plura
2654 4008 2809 4069 eius·

573 4132 749 4195 modi
794 4133 1208 4196 inveniantur
1252 4133 1495 4196 dubito.

539 4257 676 4319 Iam
723 4256 805 4319 ad
852 4258 1271 4321 elocutionem
1315 4258 1761 4321 illustrandam
1810 4258 2173 4339 aggrediens
2212 4258 2485 4321 libenter
2514 4256 2811 4319 confiteor

361 4400 464 4443 me
511 4381 580 4444 in
627 4382 1008 4463 disponendi
1040 4385 1282 4447 ratione
1313 4384 1666 4465 multisque
1713 4385 1782 4447 in
1829 4384 1972 4446 aliis
2029 4384 2217 4447 rebus
2255 4384 2531 4446 fructum
2574 4382 2809 4461 cepisse

361 4526 492 4568 non
549 4507 928 4571 mediocrem
992 4529 1072 4570 ex
1129 4508 1306 4571 libris
1364 4508 1622 4589 egregiis
1669 4508 1976 4571 Guilelmi
2043 4508 2356 4571 Schmidii
2413 4508 2607 4585 (‹Der
2652 4505 2808 4566 Atti-

2543 4616 2598 4656 1.
