3342 5067
1495 294 1939 357 ..24-

677 480 942 571 εἷίστοχα
989 487 1204 565 29,17.
1313 490 1488 552 Haec
1543 490 1750 552 forma
1794 489 2077 555 adverbii
2132 491 2202 553 in
2249 491 2635 571 Anthologia
2686 497 2941 556 tantum

505 614 737 673 exstat:
791 611 850 671 9.
901 612 1049 673 824.
1106 616 1160 688 1,
1217 614 1318 675 10.
1376 615 1517 676 101.
1570 614 1628 677 4.

676 734 1254 819 καθομολογεῐσθαι
1302 739 1521 815 25,2Ο.’
1569 739 1752 817 48,4;
1799 740 1840 802 i.
1870 760 1931 820 q.
1990 740 2449 821 «despondere»
2486 741 2616 819 (cfr.
2653 732 2941 805 nostrum

508 861 1028 941 «versprechen»)
1073 862 1314 939 (19,22.
1365 864 1576 940 3218.
1629 866 1825 942 36,16
1873 866 1915 929 i.
1954 886 2027 946 q.
2080 866 2485 948 «polliceri»).
2741 864 2746 872 ’

677 987 918 1066 καιρίαν
975 986 1128 1063 (scil.
1177 985 1442 1074 πληγήν)
1499 990 1681 1067 40,8;
1748 989 2189 1055 adverbialiter
2233 993 2384 1054 Her.
2435 993 2535 1055 III
2584 994 2668 1055 64
2733 996 2940 1075 καιρίῃ

499 1109 747 1187 (Aesch.
797 1112 910 1191 Ag.
967 1114 1135 1175 1292
1185 1114 1429 1197 καιρίας
1473 1112 1715 1201 πληγῆς
1760 1116 2005 1199 τυχεῖν).

678 1247 991 1319 καρτερῶς
1039 1239 1218 1317 44,4;
1267 1239 1402 1302 Nic.
1443 1242 1624 1303 Dam.
1676 1240 1857 1321 frgm.
1885 1230 2015 1319 '49,
2064 1262 2165 1323 pg.
2214 1242 2474 1317 384,56.
2516 1243 2665 1306 Luc.

677 1358 1008 1447 κατάγνομι
1034 1365 1204 1442 36,2,
1240 1363 1528 1448 θάλαμον
1559 1366 1602 1429 i.
1628 1387 1688 1447 q.
1733 1372 2018 1449 «portam
2052 1367 2364 1432 conclavis
2398 1368 2758 1448 effringere»
2796 1369 2943 1449 (ple-

501 1506 772 1567 rumque
825 1488 1249 1569 «confringere
1293 1490 1551 1570 alqd.»).
2842 1490 2849 1497 ’

680 1610 1058 1695 καταδὲομαι
1125 1612 1294 1691 25,7,
1363 1609 1595 1696 ὁρκίοις
1668 1642 1751 1667 =
1835 1622 2264 1681 «sacramento
2336 1618 2681 1697 obligare»;
2756 1618 2941 1680 Dion.

501 1738 650 1800 Hal.
699 1758 754 1800 a..
806 1739 902 1801 rh.
951 1758 1001 1801 0.
1057 1734 1231 1817 11,3.'

680 1859 979 1925 καταθέω
1028 1866 1176 1941 26,2
1223 1864 1267 1927 i.
1315 1886 1375 1945 q.
1433 1885 1868 1947 «persequor».

683 1987 1162 2060 καταξαίνεσθαι
1209 1990 1430 2068 32,11;
1481 1991 1560 2054 de
1604 1991 1973 2056 amantibus
2018 1992 2150 2069 (cfr.
2200 1987 2568 2074 ἐκκαίομαι).

682 2118 1098 2199 κατασκήπτω
1147 2114 1341 2192 33,17
1393 2142 1474 2167 =
1529 2138 1634 2179 «se
1681 2126 1917 2181 vertere
1961 2117 2043 2181 ad
2088 2116 2301 2198 alqd.»
2355 2116 2434 2179 de
2478 2117 2783 2199 personis

684 2240 1012 2321 κατασὺρω
1062 2239 1230 2318 35,7.
1281 2241 1498 2319 4Ο,21,
1548 2248 1817 2323 utroque
1863 2243 1997 2306 loco
2045 2268 2126 2293 =
2182 2262 2435 2323 «rapere
2480 2242 2716 2323 alqd.»,
2777 2242 2945 2323 quod

390 2372 398 2385 ²
505 2372 694 2429 antea
741 2385 1061 2446 nusquam
1111 2366 1459 2443 invenitur;
1528 2388 1778 2448 semper
1824 2368 1998 2430 enim
2044 2368 2141 2431 vis
2200 2372 2353 2430 erat:
2426 2387 2689 2431 «vexare
2731 2366 2937 2447 alqd.»

499 2491 672 2569 (Luc.
708 2491 918 2568 Plus),
1613 2463 1632 2493 ⁸

681 2616 1188 2700 κατειρωνεὺομαι
1233 2616 1425 2690 15,10
1473 2616 1733 2679 verbum
1769 2617 2034 2683 omnino
2059 2616 2475 2681 ,rarissimum
2511 2618 2699 2697 (Plut.
2749 2616 2943 2694 Luc),

502 2741 786 2805 absolute
831 2741 1095 2805 adhibet
1138 2759 1308 2803 unus
1353 2742 1749 2805 Parthenius.

681 2868 962 2950 κατέχειν
1013 2866 1233 2941 18,13;
1299 2872 1411 2948 τῆς
1475 2865 1542 2927 δὲ
1603 2866 2063 2951 κατασχοὺσης,
2123 2867 2234 2930 ubi
2280 2865 2793 2929 subaudiendum
2856 2871 2951 2929 est

505 2998 607 3055 τοῦ
670 2986 889 3073 ἱερείου
962 3019 1044 3043 =--
1116 3011 1300 3054 «cum
1368 2990 1478 3053 illa
1545 2992 1822 3055 bostiam
1888 2992 2187 3055 manibus
2243 2997 2454 3056 tenet»
2522 2991 2653 3069 (cfr.
2714 3011 2811 3053 ex.
2858 3010 2945 3071 gr.

505 3120 737 3199 Vergil.
786 3122 942 3182 Aen.
994 3120 1086 3182 IV
1136 3119 1306 3196 219).
2688 3117 2691 3119 ’

684 3254 900 3321 κεῖται,
937 3245 1185 3327 κείμενα
1220 3245 1326 3320 5,4
1372 3246 1440 3307 in
1474 3244 1767 3326 epist-ula.
1852 3244 2038 3325 Apud
2070 3243 2485 3307 Parthenium
2522 3242 2807 3324 primum
2838 3241 2951 3304 illa

505 3370 679 3431 notio
722 3370 896 3433 verbi
943 3370 1192 3431 κεῖσθαι
1236 3370 1510 3434 inveniri
1565 3370 1831 3447 videtur,
1900 3390 2063 3451 quae
2128 3390 2167 3433 a
2223 3368 2371 3432 viris
2440 3368 2641 3431 doctis
2701 3367 2949 3429 iamdu-

504 3493 662 3556 dum
709 3494 998 3557 adhibita
1042 3496 1214 3576 apud
1259 3496 1701 3575 grammaticos
1748 3496 2105 3559 recentioris
2151 3494 2376 3557 aetatis
2440 3492 2953 3573 frequentissima

505 3624 627 3695 est3
677 3620 991 3699 significat
1035 3622 1078 3683 i.
1125 3641 1186 3701 q.
1240 3626 1560 3684 «exstare»
1612 3621 1717 3698 (sc.
1742 3682 1744 3685 Α
1768 3621 1941 3702 apud
1986 3620 2356 3701 scriptores).
2935 3678 2939 3681 .

683 3748 944 3825 πατέρες
993 3772 1072 3796 =
1128 3751 1495 3826 «parentes»
1561 3746 1788 3821 21,1Ο;
1851 3744 2031 3807 Diod.
2099 3745 2284 3806 Dion.
2340 3746 2585 3824 Eunap.
2652 3742 2751 3820 (A.
2809 3741 2946 3804 Lib.

513 3870 747 3946 121,13
797 3896 880 3920 =
937 3870 1143 3947 cavi»)
1187 3871 1319 3948 (cfr.
1370 3871 1670 3933 latinum'
1702 3875 1983 3952 «patres»
2038 3870 2219 3933 Ovid.
2260 3869 2409 3931 Met.
2462 3869 2652 3946 4,61).

685 3998 1078 4079 περιήκοντος
1123 3999 1344 4079 χρόνου
1408 3997 1602 4074 44,19
1669 3997 1749 4059 de
1811 4002 2093 4077 tempore
2156 3996 2348 4060 etiam
2396 3995 2653 4058 Aristid.
2716 3996 2834 4058 vol.
2895 3996 2945 4070 I,

506 4140 604 4201 pg.
657 4121 816 4183 321:
877 4118 997 4181 ἔτει
1042 4125 1402 4205 περιήκοντι.
1495 4122 1667 4200 (Sak.
1728 4140 1839 4183 cur
1895 4124 2113 4204 προήκ.
2173 4122 2520 4201 scripserit,
2585 4120 2949 4197 nescimus.)

687 4241 749 4308 ἐν
796 4248 1194 4329 περισσοτέρᾳ
1242 4254 1383 4331 τιμῇ
1438 4248 1616 4323 10,3;
1688 4246 1923 4328 priores
1970 4244 2220 4309 adverb.
2278 4248 2695 4327 περισσότερον
2740 4264 2947 4308 unum

507 4370 833 4433 adhibent.

684 4498 1046 4580 περιφαίνειν
1081 4498 1294 4575 32‚21‚
1345 4492 1464 4567 ἕως
1511 4524 1593 4549 =
1647 4497 2101 4573 «illucescere»,
2152 4496 2320 4577 quod
2351 4498 2726 4578 plerumque
2762 4494 2945 4575 signi-
