3342 5067
1456 305 1885 367 ...10-

627 496 840 581 λὺχνα,
905 499 1169 579 pluralis
1231 500 1398 562 vocis
1458 498 1683 583 λὺχνος
1747 500 1969 577 32,15;
2040 501 2189 561 Her.
2239 499 2306 561 II
2366 500 2468 561 62.
2540 499 2661 561 133
2707 494 2887 577 (Eur.

450 622 614 704 Cycl.
668 623 814 701 512,
865 625 1147 707 Hippon.
1198 625 1394 703 Call).

627 750 807 833 μίτρα
855 751 1026 827 21,2.
1079 752 1257 828 24,2;
1308 752 1459 813 Her.
1509 751 1542 814 I
1593 751 1739 813 195.

623 876 803 944 νέκυς
851 875 1029 951 11,4;
1081 876 1231 937 Her.
1282 877 1316 938 Ι
1367 876 1512 951 140,
1558 876 1627 937 Π
1680 876 1874 953 121γ,
1924 875 2023 937 III
2076 876 2173 937 16.

625 1000 782 1082 νηὲω
832 1001 1010 1076 22,9;
1063 1001 1213 1061 Her.
1263 1000 1502 1079 ubique
1545 999 1678 1077 (cfr.
1728 1020 1827 1081 pg.
1881 1000 1959 1076 5).

633 1116 848 1207 ὅμιλος
896 1150 977 1175 =
1035 1124 1334 1205 «vulgus»
1385 1125 1600 1201 43,18.
1655 1124 1887 1202 48‚14:
1946 1120 1979 1187 ὁ
2016 1124 2209 1193 πολὺς
2248 1119 2491 1207 ὅμιλος;
2551 1126 2701 1187 Her.
2742 1125 2774 1184 I
2806 1124 2890 1185 80

449 1244 481 1311 ὁ
527 1247 756 1318 πολλὸς
806 1242 904 1331 gp..
954 1250 1056 1311 111
1107 1248 1251 1326 127,
1300 1250 1391 1311 IV
1443 1250 1587 1325 135,
1638 1250 1764 1311 VII
1815 1250 1959 1326 184,
2009 1249 2105 1311 IX
2157 1250 2279 1311 159
2326 1247 2458 1326 (cfr.
2507 1246 2740 1325 πολὸς).

625 1375 986 1458 παρηγορὲω
1036 1374 1262 1451 42,19;
1312 1375 1462 1437 Her.
1512 1375 1569 1436 V
1619 1374 1768 1452 104,
1816 1373 1914 1436 IX
1962 1374 2155 1450 54‚55
2202 1373 2281 1437 al.

625 1492 845 1581 ῥὺομαι
894 1524 976 1549 =
1032 1498 1368 1561 «liberare»
1427 1500 1642 1576 16,16;
1695 1500 1845 1562 Her.
1895 1518 2212 1582 persaepe.

624 1624 892 1707 τέθηπα,
937 1625 1058 1693 -ὠς
1106 1625 1238 1699 8,2;
1291 1625 1438 1687 Her.
1490 1625 1556 1687 II
1607 1625 1753 1687 156.

629 1749 779 1818 τίσις
805 1775 888 1799 =
921 1748 1184 1825 «ultio»,
1213 1769 1490 1829 «poena»
1523 1748 1741 1824 41,17.
1765 1748 1943 1825 47,2;
1971 1750 2122 1814 Her.
2148 1750 2183 1813 I
2216 1750 2319 1825 86,
2347 1750 2448 1811 III
2484 1750 2629 1810 126.
2663 1748 2785 1810 128
2810 1746 2888 1808 al.

623 1874 796 1947 Quas
841 1872 970 1936 huc
1014 1875 1296 1953 congessi
1326 1894 1504 1937 voces
1536 1880 1754 1937 utrum
1785 1876 2165 1939 Parthenius
2212 1896 2291 1937 ex
2322 1874 2642 1938 Herodoto
2686 1894 2766 1935 an
2812 1893 2892 1935 ex

445 2002 776 2079 poetarum
821 1997 1000 2061 libris
1045 1998 1167 2061 sibi
1212 1999 1626 2081 assumpserit
1671 2000 2047 2080 ambiguum
2097 2004 2210 2063 est.
2302 2000 2342 2063 J
2344 2019 2451 2061 am
2506 1997 2891 2061 enumerabo

445 2122 746 2186 vocabula
791 2128 854 2185 et
899 2114 1090 2203 plane
1133 2124 1377 2205 poetica
1422 2130 1487 2188 et
1530 2144 1622 2201 ea,
1685 2144 1849 2205 quae
1895 2124 1965 2188 in
2010 2124 2289 2188 oratione
2334 2124 2543 2187 soluta
2597 2143 2735 2185 raro
2799 2122 2887 2183 in-

445 2247 806 2310 veniuntur.

623 2374 805 2448 Quod
869 2374 1014 2455 quis
1075 2375 1395 2455 putaverit
1452 2375 1870 2438 Parthenium
1936 2395 2015 2437 ex
2088 2374 2464 2457 supellectili
2522 2374 2890 2437 Alexandri-

445 2518 674 2561 norum
720 2504 1050 2581 poetarum
1084 2500 1493 2581 potissimum
1524 2500 1829 2577 hausisse,
1880 2500 2001 2564 hoc
2030 2500 2369 2563 monstrari
2401 2500 2643 2579 nequit.
2721 2500 2889 2562 Nam

444 2644 593 2686 cum
639 2624 737 2688 illi
781 2626 906 2706 ipsi
935 2624 1217 2707 priorum
1250 2629 1581 2706 poetarum
1613 2626 1800 2705 quasi
1830 2643 2013 2687 succo
2043 2624 2437 2701 victitabant,
2488 2629 2629 2687 tum
2660 2644 2889 2705 parum

443 2748 856 2829 reliquiarum
905 2750 1233 2826 habemus,
1284 2770 1482 2830 quam
1517 2756 1590 2812 ut
1634 2770 1716 2812 ex
1745 2755 1911 2813 certo
1941 2749 2155 2829 aliquo
2195 2756 2444 2812 auctore
2474 2750 2886 2813 Parthenium

444 2894 622 2937 voces
668 2876 1014 2956 sumpsisse
1054 2874 1581 2938 demonstremus,
1661 2875 1938 2952 Accedit,
1988 2874 2157 2955 quod
2195 2875 2609 2937 Parthenium
2656 2874 2891 2955 priores

442 3004 659 3080 poetas
705 3000 885 3079 sequi
934 2999 1232 3062 maluisse
1278 3000 1618 3063 verisimile
1664 3005 1776 3063 est.

621 3126 861 3187 Tamen
914 3125 984 3187 in
1031 3124 1339 3205 particula
1379 3126 1758 3205 insequente
1797 3124 2373 3188 Alexandrinorum
2424 3125 2587 3187 locos
2632 3124 2885 3187 addam.

1400 3318 1502 3399 ΙΙ.
1559 3316 1916 3399 Poetica.

443 3480 502 3548 1.
547 3479 807 3559 Voces,
854 3500 1037 3568 quae
1083 3480 1251 3548 ante
1297 3479 1761 3549 Parthenium
1825 3479 2011 3566 apud
2064 3478 2457 3569 scriptores
2519 3480 2892 3567 pedestres

1335 3625 1480 3674 non
1523 3604 2011 3673 inveniuntur.

620 3749 889 3833 ἄκρατος
923 3755 1092 3830 2Ο,1,
1143 3754 1272 3816 scil.
1321 3748 1480 3840 οἶνος
1515 3780 1596 3804 -·--
1637 3774 1928 3844 «merum
1974 3754 2316 3833 (vinum)»;
2367 3756 2622 3819 Theocr.
2676 3756 2889 3832 14,18;

444 3877 596 3941 Call.
645 3898 741 3957 ep.
793 3876 1008 3953 37‚43.
1877 3915 1881 3919 -

622 3998 744 4085 ἄλη
795 4004 962 4075 8,18.
1021 4003 1195 4079 17,9;
1248 4003 1400 4066 Call.
1451 4003 1518 4067 h.
1571 4004 1799 4081 4,205;
1850 4005 1999 4085 Lyc.
2052 4005 2251 4079 10103
2302 4006 2441 4069 Nic.
2488 4005 2585 4071 Al.
2638 4006 2722 4067 84
2768 4004 2892 4086 (ap.

442 4127 630 4191 Plat.:
683 4154 764 4178 ---
819 4127 1190 4206 «insania»).

625 4250 1005 4337 ἀμφιπίπτειν
1024 4257 1155 4316 τινά
1175 4255 1326 4331 30,5
1346 4281 1428 4305 =
1457 4254 1830 4336 «amplecti»
1854 4274 1867 4330 3
1888 4254 2103 4332 (Hom.
2128 4255 2177 4317 θ·
2202 4255 2359 4331 513;
2394 4255 2587 4336 Soph.
2610 4256 2711 4319 Tr.
2734 4240 2889 4327 9343

447 4376 630 4439 Pind.
681 4378 776 4441 01.
831 4379 1052 4455 11‚98;
1113 4378 1321 4460 Apoll.
1369 4378 1490 4441 Rh.
1541 4381 1574 4441 I
1622 4377 1777 4454 270;
1847 4379 2084 4444 Peerlk.
2150 4382 2342 4443 Mein.
2396 4380 2607 4447 Cobet.
2674 4378 2895 4471 ἀμφιέ-

449 4502 696 4580 πουσα>;
746 4503 846 4580 (de
892 4503 1088 4567 altera
1134 4504 1308 4569 verbi
1354 4504 1611 4569 notione
1657 4526 1713 4569 v.
1763 4525 1863 4588 pg.
1916 4506 2043 4583 22).
