3342 5067
1317 260 1868 366 '.-31···

607 473 937 537 Atticistae
1003 472 1266 537 demum
1323 472 1576 536 dualem
1635 474 1705 536 in
1751 473 2097 538 orationem
2156 476 2429 539 solutam
2485 474 2873 540 reduxerunt

425 598 556 675 (cfr.
607 594 872 661 Schmid
917 600 1050 661 Att.
1099 600 1133 661 I
1176 619 1276 679 pg.
1330 596 1432 675 87,
1483 600 1576 661 IV
1620 600 1703 661 43
1753 620 1845 679 sq.
1899 600 2069 679 611).

601 724 826 787 Poetae
869 724 1209 786 Parthenio
1255 723 1594 787 tribuenda
1639 729 1793 788 sunt
1839 725 2019 789 haee:

601 850 686 910 τὼ
731 856 900 932 χεῖρε
953 845 1118 925 17,7.
1171 848 1342 925 46,8.

605 968 934 1058 Ὑψικρέων
987 970 1095 1037 καὶ
1153 970 1486 1057 Προμέδων
1557 1008 1642 1019 --
1712 973 1976 1059 μάλιστα
2048 974 2204 1059 φίλω
2279 972 2466 1061 ἥστην
2528 978 2677 1055 34,4
2732 976 2864 1055 (cfr.

425 1099 575 1163 Con.
628 1100 740 1161 48:
789 1095 978 1183 ἤστην
1024 1100 1139 1182 γὰρ
1187 1099 1410 1179 καλοί).
2180 1194 2183 1197 ἢ

600 1223 761 1287 Aliis
806 1223 957 1287 loeis
1003 1224 1234 1306 plurali
1279 1226 1497 1302 utitur,
1551 1226 1733 1302 6,23:
1783 1221 1860 1288 δι’
1908 1222 2107 1309 ἔριδος
2152 1231 2347 1311 μέντοι
2382 1222 2651 1308 ἐγένοντο
2686 1223 2867 1292 Ῥοιώ

423 1370 487 1411 τε
533 1341 641 1410 καὶ
691 1341 968 1431 Ἥμιθέα
1015 1354 1151 1426 eto„
1203 1350 1358 1413 item
1414 1348 1622 1427 13,17.
1679 1352 1890 1427 11‚22.
1950 1351 2159 1428 15‚18.
2212 1353 2361 1429 35,3
2403 1337 2487 1416 al.

1355 1560 1424 1645 e)
1472 1558 1574 1627 De
1621 1558 1932 1630 casibus,

597 1723 1100 1787 Accusativus
1131 1724 1472 1801 relationiS,
1521 1743 1715 1805 quem
1748 1726 1819 1789 in
1851 1746 2139 1791 sermone
2170 1728 2413 1808 vulgari
2457 1728 2670 1793 dativo
2716 1751 2864 1811 pau·

418 1848 601 1911 latim
633 1854 1031 1913 summotum
1064 1870 1196 1913 esse
1225 1855 1488 1926 constat,
1523 1850 1695 1931 apud
1726 1852 2141 1915 Parthenium
2173 1853 2521 1917 invenitur:
2573 1848 2723 1916 ὅθεν
2752 1876 2864 1938 περ

415 1968 488 2057 ἥν
513 1978 684 2053 γένος
713 1975 924 2051 10,14.
963 1976 1129 2051 11,9.
1169 1976 1347 2052 25,4;
1384 1976 1488 2059 τὴν
1521 1972 1652 2059 ὄψιν
1679 1976 1894 2053 45,10.
1930 1979 2099 2055 36,3.
2136 1977 2351 2056 47,15,
2385 1979 2648 2044 articulo
2677 1980 2867 2044 modo

416 2099 658 2163 adiecto
703 2099 893 2164 modo
937 2100 1190 2163 omisso,

594 2226 683 2287 Ut
734 2227 945 2302 10‚14.
1002 2228 1148 2303 11,9
1196 2230 1390 2305 γένος,
1438 2227 1527 2291 ita
1578 2228 1773 2305 38‚19
1822 2230 1981 2290 κατὰ
2026 2232 2199 2308 γένος
2246 2228 2489 2293 dietum
2538 2236 2650 2293 est.

593 2350 1007 2415 Accusativus
1051 2350 1428 2414 adverbialis
1460 2352 1526 2413 τὸ
1571 2347 1729 2414 ἅπαν
1777 2353 1971 2429 29,13
2004 2380 2087 2405 =
2130 2355 2469 2418 «omnino»
2508 2375 2685 2419 rarus
2732 2375 2864 2419 esse

417 2474 693 2552 videtum
744 2476 940 2539 Attici
986 2477 1052 2539 τὸ
1102 2477 1338 2559 σὺμπαν
1385 2477 1727 2554 (καθάπαν,
1774 2479 2085 2560 παράπαν)
2129 2479 2331 2543 dicere
2378 2480 2681 2545 solebant.

596 2603 686 2663 De
733 2602 978 2683 καιρίαν
1025 2601 1132 2664 cfr.
1183 2622 1282 2684 pg.
1339 2603 1440 2665 24.

591 2726 1002 2790 Accusativus
1047 2725 1150 2789 dei
1193 2704 1497 2791 iuvoeati:
1562 2722 1799 2812 ὤμοσεν
1843 2724 2136 2813 ’Ἄρτεμιν
2188 2732 2372 2807 19,11
2426 2731 2599 2813 apud
2646 2736 2862 2812 poetas

417 2849 734 2933 imprimis
779 2852 1080 2928 usitatus;
1130 2852 1261 2929 (sed
1309 2853 1502 2915 etiam
1548 2854 1700 2916 Her.
1750 2855 1785 2915 Ι
1832 2855 1959 2917 212
2008 2855 2122 2929 al.;
2176 2856 2249 2921 A.
2299 2855 2437 2918 Lib.
2491 2854 2727 2932 67‚13).

595 2970 920 3055 ἐκπλαγεὶς
965 2977 1033 3039 τὸ
1079 2976 1314 3047 κάλλος
1351 2979 1566 3055 44,18,
1616 2980 1767 3041 Her.
1817 2980 2017 3043 Thu0.

595 3101 844 3181 Duplex
889 3104 1282 3166 accusativus
1328 3103 1562 3183 regitur
1609 3104 1813 3168 verbis
1858 3105 1992 3167 his:

597 3222 808 3309 δίδωμι
869 3225 1058 3303 (λείαν
1101 3225 1360 3312 πολλήν)
1423 3262 1500 3271 -
1565 3223 1709 3291 ἕδνα
1756 3230 1969 3306 35,16‚
2036 3230 2101 3291 τὸ
2166 3234 2447 3314 τέταρτον
2516 3227 2860 3294 ἀπολείπειν

418 3344 634 3411 ὂίποινα
671 3348 878 3427 17,19,
931 3347 1316 3437 ἐπαγομένων
1361 3346 1540 3416 αὒτὸν
1572 3352 1810 3437 βοηθόν
1844 3354 2059 3430 41,20.
2105 3356 2328 3431 49‚14;
2380 3375 2563 3438 saepe
2595 3353 2861 3436 ἄγεσθαι

414 3478 674 3553 γυναῖκά
704 3494 854 3549 τινα,
901 3473 1062 3560 ἔχειν
1092 3497 1147 3556 γ.
1187 3497 1268 3553 τ.;
1318 3457 1568 3561 σημεῖον
1607 3516 1677 3526 —-
1719 3475 2086 3564 ἀνασχήσειν
2117 3479 2447 3564 λαμπτῆρα
2495 3482 2664 3565 2Ο,8,
2710 3501 2857 3563 quo-

413 3620 561 3665 cum
628 3600 742 3665 cfr.
807 3602 956 3665 Eur.
1007 3604 1064 3666 J.
1116 3604 1190 3665 A.
1244 3602 1391 3680 732,
1452 3603 1619 3666 Med.
1675 3602 1843 3667 1027
1893 3606 1977 3668 al.
2034 3605 2111 3668 de
2158 3606 2533 3688 nuptiarum
2602 3606 2734 3671 face
2798 3613 2861 3672 et

413 3726 610 3789 Thue.
661 3726 754 3789 IV
805 3730 949 3790 111.

591 3852 1016 3917 Genetivus
1061 3853 1399 3935 partitivus
1432 3855 1721 3936 sequitur
1750 3856 2148 3920 substantiva
2176 3876 2325 3919 eum
2358 3858 2448 3926 τίς
2492 3857 2855 3921 coniuncta:

411 3980 555 4060 γονή
581 3996 671 4048 τις
702 3986 819 4040 τῶν
851 3981 1003 4042 πάνυ
1034 3978 1242 4042 καλῶν
1269 3980 1438 4056 32,9‚
1461 3982 1875 4064 μειρακίσκος
1901 4002 1991 4053 τις
2021 3990 2134 4046 τῶν
2156 3984 2311 4043 πάνυ
2336 3980 2601 4064 δοκίμων
2626 3983 2822 4058 45,15
2838 4002 2853 4059 ;

411 4102 502 4172 τίς
547 4102 858 4165 omissum
907 4108 1002 4167 est
1037 4106 1181 4181 15,4
1229 4104 1447 4175 παιδός
1493 4139 1571 4150 -
1624 4114 1741 4170 τῶν
1787 4109 1939 4170 πάνυ
1988 4106 2270 4192 δοκίμων,
2328 4106 2475 4184 17,4
2521 4106 2651 4185 (cfr.
2702 4110 2851 4170 Ant.

410 4225 546 4287 Lib.
587 4228 758 4304 88,1,
795 4227 1061 4291 Schmid
1098 4229 1232 4293 Att.
1267 4229 1378 4307 IV,
1427 4250 1530 4311 pg.
1567 4230 1703 4310 53);
1751 4230 1923 4294 idem
1956 4232 2243 4312 sequitur
2271 4252 2468 4297 aecus.
2504 4232 2851 4295 relationis:

413 4350 560 4426 11,9
607 4346 800 4415 Λεοκ.
856 4386 931 4398 —-
983 4352 1157 4435 γένος
1203 4362 1317 4419 τῶν
1355 4352 1476 4417 ἀπὸ
1523 4350 2031 4440 Βελλεροφόντου.

587 4468 1047 4561 Ἀνεπίμπλατο
1123 4488 1234 4564 τῆς
1309 4474 1640 4566 ἐπιθυμίας
1710 4482 1860 4557 32‚5
1937 4482 2019 4545 ab
2083 4477 2381 4563 ἐξέπλησε
2456 4483 2561 4565 τὴν
2636 4475 2851 4542 ἐπιθο-
