3342 5067
815 1074 1126 1155 Rerum
1180 1098 1388 1179 quae
1440 1076 1915 1159 tractantur
1967 1078 2479 1183 conspectus,

2750 1304 2860 1346 1³88-
2956 1308 2961 1313 '

411 1363 698 1416 Praefatio
727 1402 2731 1422 .............................
2834 1372 2861 1419 1

413 1464 478 1514 Α.
518 1463 602 1514 ΒΘ
637 1460 910 1515 Jouismis
941 1500 2730 1519 ..........................
2830 1470 2863 1518 4

414 1561 476 1611 Β.
516 1560 600 1612 ΒΘ
635 1560 932 1613 verborum
971 1559 1192 1612 delectu
1224 1600 2731 1616 ......................
2833 1569 2865 1614 6

415 1658 476 1711 O.
522 1660 607 1711 De
643 1658 860 1711 flexura
897 1659 1190 1711 nominum
1225 1696 2731 1713 ......................
2798 1665 2864 1713 26

415 1758 481 1807 D.
521 1757 605 1808 De
645 1758 941 1811 verborum
980 1757 1196 1810 flexura
1225 1795 2732 1812 ......................
2798 1762 2864 1811 27

357 1845 362 1851 ’
415 1855 480 1905 Ε.
521 1854 605 1907 ΒΘ
642 1854 953 1922 syntactica
988 1855 1210 1908 ratione
1295 1894 2733 1911 .....................
2799 1862 2866 1909 29

631 1954 674 2004 1.
717 1954 798 2005 De
835 1953 1066 2005 nomine
1142 1990 1801 2007 ..........
1814 2003 1817 2007 1
1860 1992 2729 2007 .............
2798 1960 2865 2007 29

735 2049 788 2117 a)
824 2052 908 2103 De
944 2067 1152 2118 genere
1225 2090 2733 2107 ......................
2798 2058 2865 2105 29

735 2148 792 2215 b)
829 2150 914 2202 De
951 2166 1187 2204 numero
1225 2186 2733 2205 .......................
2798 2155 2867 2205 30

735 2246 786 2313 c)
830 2248 915 2300 De
952 2247 1179 2301 casibus
1223 2286 2730 2303 ......................
2798 2251 2863 2301 31

735 2345 794 2411 d)
831 2347 915 2398 De
951 2346 1473 2413 praepositionibus
1511 2382 2733 2399 ..................
2798 2350 2867 2399 34

735 2442 786 2509 Θ)
834 2444 919 2496 ΒΘ
954 2444 1286 2510 gradatione
1367 2481 2730 2497 ....................
2799 2448 2867 2496 39

734 2540 784 2607 f)
829 2542 914 2594 De
951 2542 1188 2594 articulo
1227 2579 2731 2594 ......................
2798 2545 2866 2595 40

731 2638 788 2705 g)
823 2641 907 2691 De
943 2640 1376 2707 pronominibus
1437 2678 2728 2693 ...................
2794 2643 2863 2691 42

610 2737 681 2788 11.
722 2737 806 2789 De
839 2738 1019 2797 verbo
1085 2774 2732 2791 ........................
2797 2740 2865 2788 45

735 2834 788 2902 a)
825 2837 910 2887 De
945 2850 1152 2901 genere
1217 2870 2729 2888 ......................
2796 2837 2863 2886 45

675 2970 682 2975 -
737 2931 793 2999 b)
831 2935 913 2985 De
952 2937 1206 3001 tempore
1296 2970 2731 2986 .....................
2797 2936 2863 2984 46

737 3029 785 3096 c)
831 3032 918 3083 De
953 3032 1137 3093 modis
1225 3069 2731 3085 ......................
2797 3034 2862 3083 47

584 3128 686 3179 III.
726 3129 812 3181 De
849 3130 1244 3195 negationibus
1297 3166 2729 3183 .....................
2797 3132 2861 3180 51

582 3225 680 3278 IV.
724 3226 806 3277 De
846 3226 1133 3280 nonnullis
1169 3227 1460 3293 particulis
1498 3232 1556 3280 et
1593 3227 1881 3281 adverbiis
1938 3264 2728 3279 ............
2796 3229 2864 3278 52

419 3323 480 3378 F.
519 3324 604 3375 De
641 3323 1052 3389 compositione
1089 3326 1500 3378 sententiarum
1577 3362 2729 3378 .................
2797 3328 2863 3376 56

421 3421 486 3473 G.
527 3422 612 3474 De
646 3422 944 3475 Parthenii
979 3438 1135 3475 more
1171 3423 1449 3476 vocabula
1484 3424 1781 3489 repetendi
1864 3463 2731 3478 .............
2796 3427 2865 3476 60

422 3519 494 3573 Η.
533 3520 617 3571 ΒΘ
656 3520 832 3572 Hiatu
869 3520 1120 3574 admisso
1157 3524 1216 3573 et
1251 3522 1462 3574 evitato
1505 3560 2731 3575 ..................
2798 3526 2866 3574 65

443 3619 486 3669 Ι.
527 3618 610 3670 ΒΘ
646 3618 850 3685 Tropis
939 3658 1660 3673 ...........
1680 3648 1688 3656 ·
1722 3659 2732 3673 ...............
2797 3624 2864 3671 66

423 3716 492 3767 Κ.
533 3716 618 3768 ΒΘ
653 3720 774 3769 arte
810 3717 1090 3771 rhetorica
1157 3754 2732 3771 .......................
2798 3720 2864 3769 67

429 3814 614 3867 Verba
651 3818 907 3868 extrema
937 3853 2730 3870 ..........................
2798 3818 2865 3867 68

425 3911 556 3965 Loci
595 3914 783 3978 paullo
821 3915 1135 3968 accuratius
1173 3914 1396 3967 tractati
1433 3918 1839 3967 enumerantur
1868 3952 2732 3966 .............
2798 3917 2865 3965 69
