3342 5067
1533 330 1618 341 ...-
1713 296 1750 361 2
1842 330 1925 340 -.

507 498 846 560 alumnus»
900 495 969 558 in
1015 495 1422 571 carminibuS‚
1474 500 1794 573 quantum
1825 495 1924 557 vel
1959 515 2039 557 ex
2078 496 2297 576 paucis
2340 494 2713 575 fragmentis
2745 496 2953 561 videre

506 642 861 704 possumus,
913 622 1092 686 novis
1137 620 1456 683 vocabulis
1503 624 1565 681 et
1610 619 1935 683 inusitatis
1980 620 2337 683 abundasse
2387 618 2693 684 videtur.²

685 747 928 810 Deinde
973 746 1222 809 fabulas
1255 766 1332 807 ex
1379 746 1519 809 aliis
1564 745 1767 826 poetis
1808 745 2342 826 scriptoribusque
2392 747 2681 810 collectas
2720 748 2951 810 horum

507 872 792 952 ipsorum
840 872 944 935 hic
989 871 1120 934 illic
1165 870 1369 934 verbis
1415 870 1496 931 ab
1542 890 1614 931 eo
1659 874 1942 932 narratas
1990 890 2123 932 esse
2168 870 2495 950 probabile
2542 866 2697 935 est.2

687 997 1082 1078 Opusculum
1130 1002 1344 1059 autem
1393 1002 1468 1057 ut
1513 996 1696 1074 quasi
1740 995 1810 1056 in
1855 994 2111 1057 officina
2155 1000 2373 1077 poetae
2420 1001 2482 1059 et
2526 996 2693 1060 inter
2727 996 2951 1060 instru-

507 1127 726 1185 menta
793 1126 1003 1183 ortum
1060 1121 1316 1188 vocibus
1379 1119 1460 1182 ab
1505 1121 1787 1182 oratione
1846 1120 2051 1182 soluta
2108 1119 2299 1199 plane
2362 1120 2587 1182 alienis
2649 1122 2953 1184 refertum

510 1252 620 1325 est,
669 1247 760 1310 ita
805 1246 1069 1326 scriptor
1115 1246 1620 1308 narratiunculas
1665 1245 1979 1325 siquidem
2034 1242 2211 1308 οἱονεὶ
2241 1238 2705 1329 ὕπομνηματὶων
2739 1225 2955 1329 τρόπον

507 1372 768 1451 collegit,
818 1370 1034 1451 paullo
1083 1370 1518 1449 neglegentius
1562 1371 1981 1451 compositum
2034 1376 2127 1433 est
2170 1368 2299 1447 (cfr.
2353 1372 2404 1433 F
2436 1371 2561 1433 VII
2584 1370 2724 1450 sq.).

681 1496 955 1572 Accedit,
1007 1495 1176 1575 quod
1221 1494 1638 1557 Parthenium
1685 1502 1939 1577 propter
1984 1504 2500 1575 argumentorum
2548 1496 2955 1575 aequabilita-

505 1624 635 1684 tem
673 1641 903 1701 magna
936 1621 1235 1683 varietate
1268 1620 1562 1683 dictionis
1601 1640 1806 1682 carere
1838 1620 2260 1682 necessarium
2298 1620 2438 1683 fuit.
2518 1621 2738 1701 Neque
2785 1621 2954 1683 idem

392 1808 396 1813 ,
507 1754 600 1809 est
647 1747 912 1825 ubique3
973 1764 1126 1807 nam
1174 1764 1323 1807 cum
1371 1764 1843 1825 nonnunquam
1891 1764 2025 1808 rem
2081 1745 2151 1806 in
2196 1749 2539 1824 angustum
2588 1750 2781 1825 cogat,
2843 1747 2953 1809 ubi

506 1878 880 1953 argumenta
925 1871 1168 1947 dilatat,
1231 1876 1617 1933 narratorem
1667 1890 1733 1933 se
1781 1870 2039 1952 praebet
2100 1870 2418 1933 sollertem
2479 1890 2773 1949 eumque,
2842 1872 2954 1950 qui

507 2018 636 2061 non
685 1998 916 2075 frustra
980 1997 1047 2057 in
1095 1995 1502 2076 disciplinam
1564 1996 1930 2078 principum
1986 1996 2123 2059 eius
2176 1996 2419 2076 generis
2464 1997 2841 2076 scriptorum
2888 2017 2954 2059 se

505 2122 850 2200 tradiderit,
879 2127 970 2199 ut,
1005 2141 1400 2202 quamquam
1443 2122 1619 2185 abest
1649 2120 1717 2184 τὸ
1748 2123 2039 2203 περιττόν,
2084 2141 2214 2183 non
2247 2121 2426 2183 omni
2456 2119 2709 2183 libellus
2741 2121 2953 2184 nudus

506 2249 590 2310 sit
633 2248 843 2327 lepore
890 2252 952 2309 et
997 2246 1078 2308 ab
1125 2246 1440 2309 Antonini
1485 2246 1809 2323 Liberalis,
1873 2266 2149 2327 quocum
2196 2246 2265 2308 in
2311 2246 2521 2309 codice
2579 2246 2953 2309 coniunctus

507 2378 617 2448 est,
668 2372 779 2435 vili
825 2391 1007 2453 opere
1052 2391 1305 2451 prorsus
1351 2370 1659 2453 discrepet
1703 2370 1837 2449 (cfr.
1887 2372 1941 2433 Ε
1976 2372 2014 2433 4
2052 2390 2099 2433 Β.
2142 2370 2243 2447 τὲ).

683 2499 774 2559 De
820 2496 1046 2573 codice,
1111 2517 1305 2575 quem
1360 2496 1494 2576 ipse
1541 2496 2025 2575 diligentissime
2085 2496 2333 2576 perlegi,
2394 2516 2543 2560 cum
2610 2501 2752 2577 post
2799 2497 2951 2559 Gut-

506 2622 892 2685 schmidium
941 2620 1093 2683 satis
1139 2621 1394 2684 verbose
1425 2640 1571 2683 curn
1619 2641 1657 2683 a
1690 2620 2115 2683 Sakolowskio
2156 2640 2361 2702 nuper
2398 2626 2534 2683 tum
2580 2642 2617 2681 a
2650 2621 2951 2683 Martinio

507 2746 927 2826 disceptatum
976 2745 1074 2821 sit,
1125 2746 1236 2808 vix
1283 2745 1635 2825 quidquam
1684 2747 1848 2808 mihi
1896 2750 2089 2809 restat
2134 2746 2513 2808 notandum.

682 2872 770 2934 At
831 2870 910 2933 de
965 2870 1241 2932 editione
1310 2868 1449 2950 ipsa
1495 2870 2027 2948 Sakolowskiana,
2099 2892 2297 2951 quam
2363 2871 2513 2950 quia
2577 2868 2946 2933 facillimam

511 2997 690 3060 aditu
745 2995 1123 3071 iudicabam,
1193 2995 1689 3057 fundamentum
1756 2997 1921 3059 mihi
1985 2996 2157 3077 elegi,
2218 3015 2419 3076 pauca
2487 2995 2951 3077 praemittenda

510 3128 678 3185 sunt.
773 3122 939 3183 Nam
1018 3121 1138 3183 hoc
1201 3120 1721 3197 fundamentum,
1790 3119 1955 3199 quod
2016 3119 2151 3201 ipse
2214 3126 2388 3183 vocat
2444 3120 2592 3183 Sak.
2655 3141 2755 3201 pg.
2804 3121 2945 3195 XV,

508 3248 660 3309 satis
721 3251 1038 3309 «certum»
1114 3266 1244 3308 non
1304 3252 1416 3310 est.
1507 3248 1718 3327 Atque
1782 3252 1855 3309 ut
1916 3250 2301 3327 praeteream
2368 3244 2431 3307 id
2454 3295 2467 3322 ,
2540 3244 2712 3325 quod
2776 3243 2945 3307 haud
3028 3245 3033 3250 ’

509 3372 728 3451 paucis
773 3372 924 3434 locis
969 3372 1166 3433 nimis
1211 3376 1464 3447 temere,
1515 3376 1589 3434 ut
1633 3372 1877 3451 opinor,
1926 3376 2040 3433 aut
2070 3369 2240 3450 quod
2285 3371 2421 3451 ipse
2466 3375 2579 3433 aut
2625 3369 2793 3449 quod
2840 3368 2947 3431 alii

509 3496 905 3571 coniecerint,
972 3496 1042 3558 in
1105 3501 1356 3558 textum
1422 3496 1656 3576 recepit
1669 3490 1712 3572 ³,
1786 3496 1945 3575 quin
2012 3495 2140 3558 duo
2220 3494 2490 3558 obiciam
2550 3494 2749 3555 facere
2817 3514 2945 3555 non

690 3734 705 3763 ²
746 3728 858 3781 Csr.
897 3728 1057 3793 frgm.
1097 3728 1126 3779 I
1165 3724 1381 3795 ἄννεμες
1431 3726 1518 3779 ΙΠ
1558 3726 1829 3800 ἀμυσχρὸν
1868 3728 1976 3781 hoc
2014 3743 2127 3781 uno
2166 3726 2313 3795 loco;
2368 3728 2472 3779 VII
2511 3726 2755 3795 ὠγὲνιοςς
2802 3724 2947 3776 XIX

510 3824 822 3899 αὒροσχάδα
858 3824 918 3893 †;
974 3826 1172 3877 XXIV
1213 3825 1536 3899 ἆγχίγαμος,
1593 3826 1777 3879 Nonn.
1845 3826 2008 3879 Dion.
2048 3829 2255 3893 5,c›72;
2318 3826 2487 3877 XXV
2542 3821 2837 3897 θημο-σόνη
2885 3822 2945 3891 †;

508 3926 680 3976 XXX
720 3924 956 3993 ’δρύψελα
993 3922 1054 3991 †;
1103 3924 1333 3976 XXXII
1384 3925 1608 3995 σαρωνὶς
1657 3941 1805 3979 unus
1844 3925 1980 3977 Call.
2019 3926 2073 3976 h.
2114 3924 2238 3977 Jov.
2286 3927 2380 3990 223
2430 3922 2637 3991 βεύδεα,
2686 3923 2944 3987 Sapph03

509 4022 674 4086 Call.;
712 4019 991 4087 (XXXIX
1030 4022 1248 4091 ἅβρυνα,
1285 4024 1382 4075 cfr.
1421 4020 1594 4076 Mein.
1635 4040 1724 4089 pg.
1766 4022 1901 4089 293).

685 4124 706 4155 ²
745 4120 857 4172 Cfr.
899 4121 1082 4174 Sakol.
1121 4122 1317 4189 praefi,
1357 4138 1445 4188 pg.
1485 4122 1650 4187 XV1;
1700 4122 1829 4175 vide
1867 4120 2092 4173 fabulae
2130 4120 2213 4171 ΙΙΙ
2252 4118 2440 4184 finem,
2490 4118 2587 4170 ubi
2625 4116 2946 4171 Meinekius

507 4219 790 4272 senarium
821 4218 1196 4286 Sophocleum
1233 4221 1479 4286 agnovit,
1507 4220 1679 4273 finem
1706 4220 1818 4271 fab.
1845 4221 1874 4272 I
1908 4223 1968 4272 et
1992 4217 2417 4271 adnotationem
2444 4215 2719 4279 Meineki3
2758 4216 2943 4269 Sakol.

508 4334 595 4384 pg.
623 4318 823 4370 XVIII
849 4334 890 4369 s,
929 4317 1350 4387 θεραπαινίδιονς
1389 4319 1561 4369 etia-m
1589 4317 1700 4370 fab.
1724 4318 1839 4369 XII
1878 4333 1965 4383 pg.
1990 4320 2077 4383 25,
2108 4320 2137 4367 5
2166 4314 2341 4368 verba
2378 4312 2583 4385 ἤλασεν
2624 4314 2677 4375 ἐς
2719 4314 2943 4383 συφεούς

504 4442 574 4449 -
613 4440 676 4457 νυ
715 4444 787 4453 -
826 4442 890 4459 νυ
927 4443 998 4451 -
1035 4430 1260 4469 versum
1299 4417 1537 4481 prodere
1575 4416 1858 4483 videntur,
1896 4414 1993 4466 cfr.
2033 4431 2122 4480 pg.
2155 4416 2234 4465 11.

683 4518 704 4547 ³
743 4513 854 4567 Cfr.
894 4530 983 4581 pg.
1023 4513 1182 4566 XCV
1221 4514 1396 4579 praef.
1437 4514 1562 4567 Sak.
