3342 5067
1513 303 1913 363 -6-

488 506 566 568 de
611 504 822 567 Xerxe
869 507 932 565 et
976 496 1290 583 Artaynta
1333 500 1451 577 IX,
1505 499 1629 561 109
1661 518 1777 578 sq.,
1840 496 1919 559 de
1964 496 2237 559 Hercule
2283 498 2347 557 et
2390 494 2683 558 Echidna
2726 495 2838 571 IV,
2900 496 2937 556 9

485 630 590 709 (ad
637 648 829 709 quem
877 628 1088 691 locum
1135 630 1587 706 argumentum
1632 623 1849 704 ipsum
1897 620 2165 683 fabellae
2200 620 2391 683 XXX
2435 620 2515 683 de
2559 620 2832 683 Hercule
2878 625 2941 683 et

491 754 754 831 Uestina,
804 752 1134 815 nonnullis
1180 752 1367 815 rebus
1396 748 1770 815 adventiciis
1816 748 2113 828 exceptiS,
2162 768 2274 829 per
2302 747 2599 827 ambages
2631 746 2936 823 videlicet,

490 880 888 943 referendum
938 879 1070 959 est).
1166 878 1302 940 Nisi
1363 876 1534 956 quod
1580 874 1961 940 Parthenius
2006 892 2326 937 sermones
2380 867 2652 936 inserere
2711 870 2938 947 noluit,

491 1010 736 1087 quanta
781 1005 864 1067 sit
909 1004 1266 1068 similitudo
1312 1021 1628 1084 agnosces,

669 1129 1008 1193 Herodotei
1053 1130 1258 1210 operis
1304 1128 1474 1191 initii
1505 1146 1853 1191 memorem
1886 1125 2302 1189 Parthenium
2336 1144 2527 1188 suurn
2558 1122 2939 1206 opusculum

493 1276 573 1317 ex
618 1258 779 1320 Jone
824 1260 1006 1337 rapta
1051 1256 1324 1338 coepisse
1372 1254 1546 1317 haud
1593 1254 1723 1317 scio
1778 1274 1863 1315 an
1910 1252 2057 1333 quis
2109 1250 2363 1315 iudicet.
2459 1252 2681 1331 Neque
2726 1269 2943 1330 quem·

494 1399 688 1460 quam
753 1380 957 1443 dicere
1016 1386 1174 1461 puto
1239 1379 1496 1443 fortuito
1557 1377 1877 1455 accidisse,
1947 1383 2021 1441 ut
2077 1376 2457 1440 Parthenius
2515 1375 2799 1439 fabulam
2865 1373 2945 1436 de

493 1504 832 1568 Periandro
877 1506 1140 1586 eiusque
1188 1510 1391 1569 matre
1437 1498 1673 1588 (XVII)
1719 1502 1938 1567 eodem
1988 1502 2203 1566 modo*
2224 1502 2591 1581 eisdemque
2645 1502 2771 1563 fere
2817 1520 2945 1563 ver·

495 1631 592 1693 bis
637 1631 1002 1707 instituerit,
1071 1632 1309 1712 quibus
1355 1630 1716 1694 Herodotus
1776 1648 1915 1692 eam
1974 1634 2219 1710 partem
2277 1628 2500 1709 capitis
2548 1628 2633 1689 92
2687 1624 2833 1687 libri
2867 1624 2942 1699 V,

496 1777 624 1837 qua
669 1754 992 1819 Periandri
1039 1756 1313 1819 facinora
1360 1755 1683 1819 describit:
1732 1757 1810 1829 V,
1847 1756 1929 1817 92
1952 1756 2009 1826 ξι
2060 1750 2093 1816 ὁ
2141 1755 2329 1817 τοίνυν
2362 1748 2512 1834 Περ.
2561 1744 2699 1813 κατ’
2741 1746 2945 1835 ἀρχὰς

496 1884 602 1965 μὲν
649 1877 722 1966 ἧν
769 1876 1105 1966 ἠπιώτερος
1151 1888 1252 1944 τοῦ
1313 1880 1562 1963 πατρὸς,
1613 1874 1812 1943 ἐπείτε
1860 1878 1925 1941 δὲ
1973 1914 2059 1925 --
2106 1873 2440 1961 πολλῷ’-
2474 1876 2559 1939 ἔτι
2594 1872 2827 1955 ἐγένετο
2860 1910 2945 1918 -

501 2010 1011 2091 μιαιφονώτερος,
1074 2008 1285 2070 Parth.
1324 2007 1447 2069 sab.
1483 2008 1675 2070 XVII
1719 2007 1891 2069 init:
1943 2003 2183 2086 λέγεται
2218 2003 2286 2066 δὲ
2319 2006 2425 2067 καὶ
2458 2001 2826 2087 Περίανδρον
2861 2036 2943 2045 -

501 2134 605 2215 τὴν
653 2134 761 2217 μὲν
809 2129 1006 2217 ἀρχὴν
1055 2128 1288 2215 ἐπιεικῆ
1337 2154 1400 2194 τε
1454 2126 1561 2195 καὶ
1620 2141 1813 2215 πρᾶον
1876 2128 2045 2209 εἶναι,
2112 2124 2359 2213 ὕστερον
2419 2128 2485 2191 δὲ
2556 2132 2949 2213 φονικώτερον

495 2259 802 2339 γενέσθαι.
1872 2226 1877 2230 ⁵

599 2454 603 2457 ,
673 2384 764 2447 Hi
806 2384 928 2447 loci
987 2389 1049 2447 et
1108 2405 1172 2445 re
1236 2390 1593 2463 congruunt
1660 2388 1725 2446 et
1791 2383 1993 2447 forma
2062 2389 2125 2446 et
2191 2402 2393 2463 paene
2462 2380 2685 2442 verbis.
2780 2380 2945 2441 Item

495 2510 719 2573 multis
766 2510 918 2572 locis
976 2514 1048 2573 ut
1111 2510 1282 2591 apud
1332 2510 1731 2573 Herodotum
1777 2508 2145 2572 invenimus
2202 2508 2363 2571 duas
2425 2505 2776 2569 sententias
2827 2502 2949 2567 sibi

495 2636 814 2718 oppositas
865 2654 976 2715 per
1022 2633 1131 2718 μέν
1179 2669 1264 2678 —
1313 2634 1380 2695 δέ
1428 2639 1490 2696 et
1535 2633 1849 2698 adverbiis
1900 2634 2071 2697 velut
2118 2636 2269 2701 τέως
2316 2636 2423 2714 μὲν
2470 2664 2557 2675 —-
2604 2628 2811 2693 ἔπειτα
2858 2628 2947 2702 δέ,

497 2770 730 2844 πρῶτον
787 2761 896 2844 μὲν
962 2793 1044 2802 -
1109 2753 1357 2841 ὔστερον
1405 2759 1472 2820 δὲ
1535 2764 1670 2835 etc„
1740 2760 1829 2822 ita
1876 2758 2255 2823 Parthenius
2314 2757 2553 2839 passim
2617 2754 2951 2819 enuntiata

497 2886 824 2966 coniungit
867 2885 967 2961 (de
1014 2904 1142 2965 qua
1187 2905 1252 2945 re
1297 2883 1466 2946 infra
1509 2883 1695 2964 plura
1740 2883 2049 2964 proferam
2098 2904 2146 2945 s.
2200 2883 2299 2961 G).

676 3010 1064 3072 Herodotum
1117 3015 1369 3073 secutus
1418 3008 1640 3072 multis
1689 3008 1980 3071 formulis
2041 3008 2248 3071 utitur
2310 3027 2421 3089 per
2475 3006 2950 3070 substantivum

497 3135 782 3197 formatis
850 3140 912 3197 et
979 3134 1169 3197 verba
1235 3134 1566 3210 ποιεῖσθαι,
1641 3134 1951 3205 τίθεσθαι,
2030 3133 2303 3211 γίνεσθαι
2360 3139 2471 3196 etc.
2543 3132 2676 3211 (cfr.
2734 3131 2814 3208 G)
2889 3136 2953 3191 et
3037 3152 3043 3160 ·

499 3260 707 3323 multa
750 3259 876 3323 alia
921 3282 1000 3322 ex
1043 3260 1217 3323 illius
1275 3278 1562 3322 sermone
1608 3260 1901 3341 sumpsit,
1970 3224 2132 3339 quae
2194 3259 2413 3321 omnia
2463 3277 2577 3321 suo
2639 3256 2773 3319 loco
2818 3274 2951 3335 pro·

499 3386 714 3448 feram.
809 3386 956 3449 Jam
1003 3403 1151 3447 cum
1199 3385 1280 3446 ad
1327 3384 1658 3447 verborum
1708 3383 2025 3446 delectum
2072 3388 2392 3447 transeam
2450 3382 2531 3444 ab
2578 3379 2951 3444 Herodoteis

498 3512 821 3593 incipiam.

994 3739 1115 3839 B.
1183 3739 1339 3840 De
1405 3737 1971 3839 verborum
2034 3736 2477 3838 delectu,

1621 3900 1834 3915 m

1415 3972 1481 4051 1.
1539 3969 2029 4052 Herodotea.

503 4131 560 4199 1.
606 4132 902 4200 Praeter
947 4132 1414 4201 Parthenium
1458 4152 1650 4201 unus
1694 4130 2106 4201 Herodotus
2152 4129 2448 4199 adhibet
2512 4130 2651 4197 has
2705 4149 2947 4199 voces:

680 4256 1132 4347 Ἀναμίσγομαι
1202 4264 1426 4339 29‚13:
1500 4256 1630 4324 οὐδ’
1702 4258 2054 4345 ἀνεμίσγετο
2106 4270 2239 4331 ταῖς
2286 4260 2535 4329 λοιπαῖς
2598 4260 2947 4341 παρθένοις.

500 4388 652 4450 Her.
700 4386 752 4463 Ι,
806 4389 959 4451 199:
1031 4382 1256 4451 πολλαὶ
1317 4386 1385 4448 δὲ
1449 4390 1554 4449 καὶ
1627 4381 1741 4450 οὒκ
1798 4382 1891 4457 ἀξ.
1987 4383 2442 4470 ἀναμίσγεσθαι
2521 4392 2662 4466 τῇσι
2726 4382 2951 4467 ἄλλῃσι

501 4511 633 4592 (cfr.
684 4507 958 4601 ἐμίσγετο
1007 4514 1188 4589 26,4;
1238 4514 1431 4577 Hom.
1484 4512 1601 4579 od.
1659 4512 1895 4589 10,235
1944 4517 2061 4574 act.
2114 4518 2251 4573 σῖτα
2300 4506 2625 4593 ἀνέμισγε).
