3342 5067
1498 266 1934 327 —50...-

673 458 822 536 27,9
861 455 1246 543 ἐννοηθεῐσα,
1279 454 1365 528 ὡς
1413 457 1600 521 δεινὸν
1644 458 1819 542 ἔργον
1852 456 2161 543 δεδράκοι;
2210 460 2360 523 Sak.
2395 454 2709 543 ἐδεδράκει
2754 460 2933 541 scrip·

489 586 574 649 sit
601 585 955 649 secundum
977 585 1082 663 7,3
1116 579 1215 647 οἷα
1247 580 1582 666 ἐδεδράκει,
1633 589 1707 647 ut
1738 584 2003 648 videtur.
2084 585 2207 648 Sed
2241 586 2347 649 hic
2375 585 2549 649 locus
2579 586 2770 667 plane
2816 585 2939 649 dis·

489 716 724 792 crepat-;
749 706 835 780 ὡς
854 711 1104 791 saepius
1123 730 1172 773 c.
1204 710 1485 790 optativo
1503 710 1917 773 coniunctum
1944 716 2064 774 est:
2087 710 2256 786 10‚5.
2283 710 2495 788 17,10.
2524 713 2695 787 329.
2719 712 2933 787 48‚13.

667 836 726 898 4.
778 835 1326 899 Coniunctivus
1365 834 1815 900 deliberativus
1846 835 2042 899 semel
2082 840 2315 901 exstat:
2366 835 2469 911 7,6
2516 833 2703 919 μηδὲν
2752 834 2931 921 ἔχων,

491 955 581 1022 ὅτι
625 966 791 1041 ποιῇ.

671 1086 730 1149 5.
780 1086 868 1148 In
917 1085 1333 1151 sententiis
1361 1085 2056 1161 condicionalibus,
2104 1086 2217 1149 ubi
2264 1084 2554 1149 futurum
2587 1086 2668 1149 ab
2710 1086 2937 1168 imper·

491 1211 652 1277 fecto
699 1210 798 1273 vel
841 1196 1160 1293 praesenti
1205 1210 1502 1275 historico
1546 1216 1791 1275 rectum
1838 1212 1908 1274 in
1953 1210 2213 1293 apodosi
2272 1212 2549 1294 positum
2610 1219 2721 1289 est,
2790 1231 2937 1293 quo·

490 1337 664 1399 niam
715 1332 819 1399 ἐάν
864 1336 1246 1399 Parthenius
1290 1335 1557 1399 omnino
1601 1355 1733 1398 non
1764 1336 2043 1413 adhibet,
2094 1336 2333 1417 ubique
2377 1336 2695 1419 optativus
2725 1336 2942 1401 aoristi

490 1461 596 1539 (=
659 1460 774 1525 fut.
839 1461 1067 1539 exact.)
1127 1460 1480 1524 invenitur:
1554 1461 1745 1535 11‚19
1812 1455 1867 1523 εἰ
1924 1492 2006 1505 -ω
2070 1465 2501 1545 συνεργήσειεν,
2568 1448 2940 1546 ἀποσφάξειν

492 1582 756 1670 ἠπείλεις
802 1586 957 1649 item
996 1584 1207 1662 17,23.
1254 1587 1423 1662 19,8.
1475 1587 1693 1661 20‚11.
1728 1587 1957 1661 36‚14;
2006 1588 2157 1662 39‚8
2188 1582 2572 1665 (ἀναπείθει),
2614 1582 2718 1663 ὡς,
2754 1580 2807 1647 εἰ
2836 1586 2941 1648 καὶ

496 1706 747 1795 ἅψαιντο
795 1744 876 1755 -—
926 1704 1526 1794 ἐκπολιορκήσαντες.
1607 1710 1927 1791 Respicias
1975 1710 2131 1774 haec
2189 1710 2311 1774 tria
2368 1710 2703 1774 enuntiata
2748 1710 2938 1773 simil·

494 1835 682 1898 lima:
753 1837 938 1913 13‚11
992 1830 1047 1897 εὶ
1107 1834 1173 1897 δὲ
1221 1832 1412 1921 ἥττων
1461 1838 1699 1921 φανείη,
1762 1837 2044 1899 τεθνάναι
2092 1835 2437 1913 (κελεὺειν);
2489 1836 2684 1911 39‚20
2748 1830 2810 1896 εἴ
2850 1854 2933 1904 τις

493 1960 778 2041 βιάζοιτο,
825 1961 1212 2023 κατακαίνειν
1256 1960 1819 2039 (παρεκελεὺσατο);
1874 1961 2023 2036 4Ο,9
2072 1956 2135 2022 εἴ
2177 1962 2241 2022 τέ
2281 1979 2437 2029 τινος
2481 1956 2673 2021 ἄλλου
2722 1958 2937 2030 δέοιτο,

496 2085 743 2175 φράζειν
791 2079 1086 2148 ἐκέλευεν.

671 2205 726 2270 εἰ
759 2236 840 2261 =
875 2204 974 2295 ἐφ’
1024 2205 1136 2293 ᾧτε
1184 2211 1398 2287 38,10.
2321 2281 2327 2287 ,

673 2337 730 2397 6.
801 2336 1242 2399 Sententiae
1305 2335 1764 2417 temporales
1829 2335 2272 2417 hypotheticae
2335 2334 2463 2397 duo
2522 2334 2941 2397 inveniuntur

494 2460 937 2525 coniunctione
993 2454 1170 2523 ὁπότε
1218 2464 1445 2524 rectae:
1514 2462 1659 2537 12,6
1719 2454 1896 2523 ὁπότε
1956 2455 2093 2533 ἴδοι,
2158 2458 2262 2536 7,8
2312 2452 2479 2522 ὁπότ’
2542 2454 2613 2520 ἂν
2662 2455 2940 2544 ἀφίκοιτο

494 2579 689 2661 (ὁπότ’
738 2580 809 2646 ἂν
842 2582 1136 2669 ἀφίκηται
1173 2554 1272 2648 ¹vel
1304 2578 1470 2648 ὁπότ’
1503 2582 1784 2670 ἀφίκοιτο
1832 2584 2074 2647 dictum
2124 2589 2301 2660 esset,
2352 2584 2406 2646 si
2454 2582 2660 2645 filium
2708 2586 2945 2667 Lyrcus

496 2715 838 2773 venturum
884 2730 998 2791 pro
1043 2715 1212 2773 certo
1257 2710 1560 2788 scivisset)
1603 2709 1736 2788 (cfr.
1787 2709 2058 2772 Kiihner
2104 2710 2169 2771 II
2221 2709 2389 2772 1055
2409 2709 2534 2785 A4).

672 2836 751 2898 In
807 2835 1140 2898 sententiis
1203 2834 1508 2899 iterativis
1578 2834 1857 2898 relativis
1912 2833 2094 2899 rectis
2158 2827 2247 2895 ὅτι
2308 2828 2380 2896 ἂν
2425 2853 2476 2897 c.
2544 2832 2946 2896 coniunctivo

504 2962 668 3036 19,9.
725 2961 944 3038 19,11;
1004 2928 1148 3038 15‚9
1199 2954 1290 3023 ὅτι
1338 2956 1410 3025 ἂν
1441 2959 1705 3033 κελεὺοι,
1752 2959 1923 3041 quod
1955 2978 2084 3022 non
2119 2964 2385 3033 mutem,
2432 2978 2578 3021 cum
2619 2958 2945 3022 Parthenii

498 3084 978 3149 consuetudinis
1034 3084 1392 3149 recordatus
1447 3091 1587 3148 tum
1649 3084 2162 3147 observationum
2224 3084 2520 3148 Kiihneri
2566 3084 2631 3146 II
2681 3084 2941 3159 1054,4.

676 3204 795 3279 ἕως
843 3236 926 3261 =
981 3208 1214 3273 «dum»
1267 3210 1612 3291 temporale
1669 3230 1817 3273 cum
1878 3210 2192 3291 praesenti
2252 3210 2661 3289 coniungitur
2704 3207 2943 3271 antece-

502 3333 694 3423 dente
739 3335 1108 3416 imperfecto
1157 3336 1350 3411 11‚23
1400 3343 1681 3419 συνῆσαν,
1730 3330 1849 3405 ἕως
1896 3357 1984 3406 τις
2030 3331 2398 3414 ἐξαγγέλλει,
2442 3336 2601 3398 item
2654 3334 2822 3410 32,8.

684 3459 832 3535 14,5
881 3456 998 3529 ἕως
1044 3454 1144 3521 ὅτε
1189 3459 1320 3537 (cfr.
1370 3480 1470 3542 pg.
1525 3460 1633 3537 42)
1693 3465 1768 3523 ut
1828 3460 2163 3523 barbarum
2221 3482 2320 3523 vv.
2380 3459 2485 3523 dd.
2558 3463 2941 3540 suspectum.

503 3583 692 3663 Apud
739 3584 908 3645 Xen.
957 3584 1096 3664 Cyr.
1134 3586 1192 3646 5.
1234 3587 1290 3646 1.
1330 3562 1432 3647 25'
1460 3585 1778 3647 nonnulla
1823 3605 1974 3647 mss.
2025 3584 2358 3647 exhibent:
2388 3570 2529 3653 ’ἕως
2574 3577 2673 3645 ὅτε
2724 3576 2946 3644 Ἀστυ-

505 3710 660 3791 άγης
705 3703 872 3792 ἡμᾶς
919 3704 1310 3792 ἀπέστρεψεν,
1359 3708 1470 3771 ubi
1503 3729 1678 3771 nunc
1725 3709 2021 3773 scribitur
2060 3706 2230 3777 ἔστε..
2270 3708 2475 3771 Schol.
2511 3710 2615 3771 Ar.
2650 3708 2790 3771 Pac.
2818 3706 2944 3770 478

505 3831 601 3894 vel
646 3831 1008 3913 Thucydidi
1055 3833 1305 3897 tribuit:
1355 3834 1447 3895 IV
1496 3833 1620 3896 117
1682 3828 1800 3903 ἕως
1848 3828 1946 3895 ὅτε
1993 3828 2306 3915 Βρασίδας
2352 3826 2605 3916 εὒτὺχει,
2650 3832 2759 3895 ubi
2806 3832 2948 3895 scri-

504 3956 787 4019 bendum
815 3962 908 4020 est
929 3952 1013 4029 ὡς
1046 3956 1148 4021 ἔτι.
1199 3958 1322 4020 Sed
1353 3958 1522 4040 apud
1554 3960 1851 4023 Parthen.
1886 3960 2051 4021 nihil
2082 3959 2319 4022 mutari
2349 3958 2525 4034 licet;
2561 3958 2716 4021 haec
2746 3956 2947 4019 forma

504 4086 668 4143 certe
715 4082 976 4156 exstitit,
1035 4101 1429 4163 quamquam
1483 4084 1755 4162 legimus
1801 4104 2123 4164 nusquam
2184 4089 2333 4147 ante
2395 4083 2537 4147 Joh.
2590 4082 2946 4163 chrysosto-

507 4224 687 4267 mum
735 4206 799 4267 X
836 4207 958 4268 341
984 4208 1057 4282 D,
1107 4208 1428 4271 Zosimum
1468 4210 1524 4270 1.
1560 4209 1619 4271 5.
1655 4209 1715 4283 3,
1766 4210 1845 4271 al.
1882 4208 2013 4287 (cfr.
2048 4210 2252 4273 Krebs
2283 4211 2379 4272 Pr.
2415 4208 2575 4273 Adv,
2609 4210 2660 4272 I.
2694 4228 2795 4289 pg.
2832 4206 2943 4280 37;

506 4330 724 4414 μέχρις
773 4324 872 4392 ὅτε
919 4330 1048 4393 Pol.
1101 4333 1202 4394 20.
1242 4334 1343 4394 12.
1381 4335 1418 4394 2
1467 4340 1612 4406 etc.;
1665 4335 1734 4395 in
1770 4335 1847 4396 N.
1882 4335 1953 4396 T.
2004 4334 2264 4408 similia;
2316 4334 2561 4413 Kriiger
2608 4335 2712 4396 66.
2765 4336 2823 4395 1.
2872 4334 2945 4407 4;

507 4456 754 4518 Lobeck
799 4457 1033 4536 Phryn.
1087 4457 1212 4533 46).
